%YAML 1.1
%TAG !u! tag:unity3d.com,2011:
--- !u!1 &207132184925740323
GameObject:
  m_ObjectHideFlags: 0
  m_CorrespondingSourceObject: {fileID: 0}
  m_PrefabInstance: {fileID: 0}
  m_PrefabAsset: {fileID: 0}
  serializedVersion: 6
  m_Component:
  - component: {fileID: 8689927594389633531}
  m_Layer: 0
  m_Name: Bone_arm
  m_TagString: Untagged
  m_Icon: {fileID: 0}
  m_NavMeshLayer: 0
  m_StaticEditorFlags: 0
  m_IsActive: 1
--- !u!4 &8689927594389633531
Transform:
  m_ObjectHideFlags: 0
  m_CorrespondingSourceObject: {fileID: 0}
  m_PrefabInstance: {fileID: 0}
  m_PrefabAsset: {fileID: 0}
  m_GameObject: {fileID: 207132184925740323}
  m_LocalRotation: {x: -0.0000000050586837, y: 0.0000000872763, z: 0.99832445, w: -0.05786459}
  m_LocalPosition: {x: -0.5820285, y: 0.07423493, z: -0.00000014533997}
  m_LocalScale: {x: 1, y: 1, z: 1}
  m_Children:
  - {fileID: 5518256632047258595}
  m_Father: {fileID: 6033527130377485128}
  m_RootOrder: 0
  m_LocalEulerAnglesHint: {x: 0, y: 0, z: 0}
--- !u!1 &687032308810844451
GameObject:
  m_ObjectHideFlags: 0
  m_CorrespondingSourceObject: {fileID: 0}
  m_PrefabInstance: {fileID: 0}
  m_PrefabAsset: {fileID: 0}
  serializedVersion: 6
  m_Component:
  - component: {fileID: 3354427683765191607}
  - component: {fileID: 8964864607398145123}
  m_Layer: 0
  m_Name: projectile_lvl3
  m_TagString: Untagged
  m_Icon: {fileID: 0}
  m_NavMeshLayer: 0
  m_StaticEditorFlags: 0
  m_IsActive: 1
--- !u!4 &3354427683765191607
Transform:
  m_ObjectHideFlags: 0
  m_CorrespondingSourceObject: {fileID: 0}
  m_PrefabInstance: {fileID: 0}
  m_PrefabAsset: {fileID: 0}
  m_GameObject: {fileID: 687032308810844451}
  m_LocalRotation: {x: -0.508404, y: -0.4914523, z: -0.4914523, w: 0.508404}
  m_LocalPosition: {x: 0.000029879475, y: 0.7975396, z: -0.86954224}
  m_LocalScale: {x: 1, y: 1, z: 1}
  m_Children: []
  m_Father: {fileID: 651789516111515381}
  m_RootOrder: 6
  m_LocalEulerAnglesHint: {x: 0, y: 0, z: 0}
--- !u!137 &8964864607398145123
SkinnedMeshRenderer:
  m_ObjectHideFlags: 0
  m_CorrespondingSourceObject: {fileID: 0}
  m_PrefabInstance: {fileID: 0}
  m_PrefabAsset: {fileID: 0}
  m_GameObject: {fileID: 687032308810844451}
  m_Enabled: 1
  m_CastShadows: 1
  m_ReceiveShadows: 1
  m_DynamicOccludee: 1
  m_MotionVectors: 1
  m_LightProbeUsage: 1
  m_ReflectionProbeUsage: 1
  m_RayTracingMode: 3
  m_RayTraceProcedural: 0
  m_RenderingLayerMask: 1
  m_RendererPriority: 0
  m_Materials:
  - {fileID: 2100000, guid: dccf8e44ede71db42b49378af93c5fb7, type: 2}
  m_StaticBatchInfo:
    firstSubMesh: 0
    subMeshCount: 0
  m_StaticBatchRoot: {fileID: 0}
  m_ProbeAnchor: {fileID: 0}
  m_LightProbeVolumeOverride: {fileID: 0}
  m_ScaleInLightmap: 1
  m_ReceiveGI: 1
  m_PreserveUVs: 0
  m_IgnoreNormalsForChartDetection: 0
  m_ImportantGI: 0
  m_StitchLightmapSeams: 0
  m_SelectedEditorRenderState: 3
  m_MinimumChartSize: 4
  m_AutoUVMaxDistance: 0.5
  m_AutoUVMaxAngle: 89
  m_LightmapParameters: {fileID: 0}
  m_SortingLayerID: 0
  m_SortingLayer: 0
  m_SortingOrder: 0
  serializedVersion: 2
  m_Quality: 0
  m_UpdateWhenOffscreen: 0
  m_SkinnedMotionVectors: 1
  m_Mesh: {fileID: 4300010, guid: a568148748050d646b5be25edaa7d066, type: 3}
  m_Bones:
  - {fileID: 5518256632047258595}
  m_BlendShapeWeights: []
  m_RootBone: {fileID: 5518256632047258595}
  m_AABB:
    m_Center: {x: -0.048128456, y: 0.00076285005, z: 0.0043418407}
    m_Extent: {x: 0.40474135, y: 0.40423918, z: 0.400438}
  m_DirtyAABB: 0
--- !u!1 &821871655289410433
GameObject:
  m_ObjectHideFlags: 0
  m_CorrespondingSourceObject: {fileID: 0}
  m_PrefabInstance: {fileID: 0}
  m_PrefabAsset: {fileID: 0}
  serializedVersion: 6
  m_Component:
  - component: {fileID: 8215746415528176577}
  m_Layer: 0
  m_Name: Bone_wheel001
  m_TagString: Untagged
  m_Icon: {fileID: 0}
  m_NavMeshLayer: 0
  m_StaticEditorFlags: 0
  m_IsActive: 1
--- !u!4 &8215746415528176577
Transform:
  m_ObjectHideFlags: 0
  m_CorrespondingSourceObject: {fileID: 0}
  m_PrefabInstance: {fileID: 0}
  m_PrefabAsset: {fileID: 0}
  m_GameObject: {fileID: 821871655289410433}
  m_LocalRotation: {x: 1, y: 0.000000043711378, z: -0.00000007549791, w: -0.00000011920929}
  m_LocalPosition: {x: -0.9421829, y: 0.63129395, z: 0.33772835}
  m_LocalScale: {x: 1, y: 1, z: 1}
  m_Children: []
  m_Father: {fileID: 3285677191028131255}
  m_RootOrder: 3
  m_LocalEulerAnglesHint: {x: 0, y: 0, z: 0}
--- !u!1 &1557460426474514237
GameObject:
  m_ObjectHideFlags: 0
  m_CorrespondingSourceObject: {fileID: 0}
  m_PrefabInstance: {fileID: 0}
  m_PrefabAsset: {fileID: 0}
  serializedVersion: 6
  m_Component:
  - component: {fileID: 651789516111515381}
  - component: {fileID: 7815873795609270642}
  - component: {fileID: 555129592558067659}
  m_Layer: 0
  m_Name: TT_Catapult_lvl1
  m_TagString: Untagged
  m_Icon: {fileID: 0}
  m_NavMeshLayer: 0
  m_StaticEditorFlags: 0
  m_IsActive: 1
--- !u!4 &651789516111515381
Transform:
  m_ObjectHideFlags: 0
  m_CorrespondingSourceObject: {fileID: 0}
  m_PrefabInstance: {fileID: 0}
  m_PrefabAsset: {fileID: 0}
  m_GameObject: {fileID: 1557460426474514237}
  m_LocalRotation: {x: 0, y: 0, z: 0, w: 1}
  m_LocalPosition: {x: 0, y: 0.5, z: -0.103}
  m_LocalScale: {x: 0.35, y: 0.45, z: 0.35}
  m_Children:
  - {fileID: 3285677191028131255}
  - {fileID: 4669292773513796926}
  - {fileID: 1752855421926287635}
  - {fileID: 2719739204091413910}
  - {fileID: 4780496713167939232}
  - {fileID: 1136310576925167017}
  - {fileID: 3354427683765191607}
  m_Father: {fileID: 1234965010594345750}
  m_RootOrder: 2
  m_LocalEulerAnglesHint: {x: 0, y: 0, z: 0}
--- !u!95 &7815873795609270642
Animator:
  serializedVersion: 3
  m_ObjectHideFlags: 0
  m_CorrespondingSourceObject: {fileID: 0}
  m_PrefabInstance: {fileID: 0}
  m_PrefabAsset: {fileID: 0}
  m_GameObject: {fileID: 1557460426474514237}
  m_Enabled: 1
  m_Avatar: {fileID: 9000000, guid: a568148748050d646b5be25edaa7d066, type: 3}
  m_Controller: {fileID: 9100000, guid: 59efb800303c66549b04d01744d190d6, type: 2}
  m_CullingMode: 1
  m_UpdateMode: 0
  m_ApplyRootMotion: 0
  m_LinearVelocityBlending: 0
  m_WarningMessage: 
  m_HasTransformHierarchy: 1
  m_AllowConstantClipSamplingOptimization: 1
  m_KeepAnimatorControllerStateOnDisable: 0
--- !u!114 &555129592558067659
MonoBehaviour:
  m_ObjectHideFlags: 0
  m_CorrespondingSourceObject: {fileID: 0}
  m_PrefabInstance: {fileID: 0}
  m_PrefabAsset: {fileID: 0}
  m_GameObject: {fileID: 1557460426474514237}
  m_Enabled: 1
  m_EditorHideFlags: 0
  m_Script: {fileID: 11500000, guid: cc78ee7b2372e0348a40ad87b6b0051e, type: 3}
  m_Name: 
  m_EditorClassIdentifier: 
--- !u!1 &1865682530430897562
GameObject:
  m_ObjectHideFlags: 0
  m_CorrespondingSourceObject: {fileID: 0}
  m_PrefabInstance: {fileID: 0}
  m_PrefabAsset: {fileID: 0}
  serializedVersion: 6
  m_Component:
  - component: {fileID: 2975604060659970765}
  m_Layer: 0
  m_Name: Bone_wheel 1
  m_TagString: Untagged
  m_Icon: {fileID: 0}
  m_NavMeshLayer: 0
  m_StaticEditorFlags: 0
  m_IsActive: 1
--- !u!4 &2975604060659970765
Transform:
  m_ObjectHideFlags: 0
  m_CorrespondingSourceObject: {fileID: 0}
  m_PrefabInstance: {fileID: 0}
  m_PrefabAsset: {fileID: 0}
  m_GameObject: {fileID: 1865682530430897562}
  m_LocalRotation: {x: 0.00000004371139, y: 1.9106855e-15, z: 1, w: -0.00000004371139}
  m_LocalPosition: {x: 0.9282222, y: -0.83988273, z: 0.33772796}
  m_LocalScale: {x: 1, y: 1, z: 1}
  m_Children: []
  m_Father: {fileID: 3285677191028131255}
  m_RootOrder: 2
  m_LocalEulerAnglesHint: {x: 0, y: 0, z: 0}
--- !u!1 &2849629474731091386
GameObject:
  m_ObjectHideFlags: 0
  m_CorrespondingSourceObject: {fileID: 0}
  m_PrefabInstance: {fileID: 0}
  m_PrefabAsset: {fileID: 0}
  serializedVersion: 6
  m_Component:
  - component: {fileID: 4780496713167939232}
  - component: {fileID: 5685871682929300473}
  m_Layer: 0
  m_Name: projectile_lvl1
  m_TagString: Untagged
  m_Icon: {fileID: 0}
  m_NavMeshLayer: 0
  m_StaticEditorFlags: 0
  m_IsActive: 0
--- !u!4 &4780496713167939232
Transform:
  m_ObjectHideFlags: 0
  m_CorrespondingSourceObject: {fileID: 0}
  m_PrefabInstance: {fileID: 0}
  m_PrefabAsset: {fileID: 0}
  m_GameObject: {fileID: 2849629474731091386}
  m_LocalRotation: {x: -0.7071068, y: 0, z: -0, w: 0.7071068}
  m_LocalPosition: {x: 0.000029879475, y: 0.7975396, z: -0.86954224}
  m_LocalScale: {x: 1, y: 1, z: 1}
  m_Children: []
  m_Father: {fileID: 651789516111515381}
  m_RootOrder: 4
  m_LocalEulerAnglesHint: {x: 0, y: 0, z: 0}
--- !u!137 &5685871682929300473
SkinnedMeshRenderer:
  m_ObjectHideFlags: 0
  m_CorrespondingSourceObject: {fileID: 0}
  m_PrefabInstance: {fileID: 0}
  m_PrefabAsset: {fileID: 0}
  m_GameObject: {fileID: 2849629474731091386}
  m_Enabled: 1
  m_CastShadows: 1
  m_ReceiveShadows: 1
  m_DynamicOccludee: 1
  m_MotionVectors: 1
  m_LightProbeUsage: 1
  m_ReflectionProbeUsage: 1
  m_RayTracingMode: 3
  m_RayTraceProcedural: 0
  m_RenderingLayerMask: 1
  m_RendererPriority: 0
  m_Materials:
  - {fileID: 2100000, guid: dccf8e44ede71db42b49378af93c5fb7, type: 2}
  m_StaticBatchInfo:
    firstSubMesh: 0
    subMeshCount: 0
  m_StaticBatchRoot: {fileID: 0}
  m_ProbeAnchor: {fileID: 0}
  m_LightProbeVolumeOverride: {fileID: 0}
  m_ScaleInLightmap: 1
  m_ReceiveGI: 1
  m_PreserveUVs: 0
  m_IgnoreNormalsForChartDetection: 0
  m_ImportantGI: 0
  m_StitchLightmapSeams: 0
  m_SelectedEditorRenderState: 3
  m_MinimumChartSize: 4
  m_AutoUVMaxDistance: 0.5
  m_AutoUVMaxAngle: 89
  m_LightmapParameters: {fileID: 0}
  m_SortingLayerID: 0
  m_SortingLayer: 0
  m_SortingOrder: 0
  serializedVersion: 2
  m_Quality: 0
  m_UpdateWhenOffscreen: 0
  m_SkinnedMotionVectors: 1
  m_Mesh: {fileID: 4300006, guid: a568148748050d646b5be25edaa7d066, type: 3}
  m_Bones:
  - {fileID: 5518256632047258595}
  m_BlendShapeWeights: []
  m_RootBone: {fileID: 5518256632047258595}
  m_AABB:
    m_Center: {x: -0.031621963, y: 0.0032820404, z: 0.000029832125}
    m_Extent: {x: 0.29591128, y: 0.32818338, z: 0.31253454}
  m_DirtyAABB: 0
--- !u!1 &2873830936975761581
GameObject:
  m_ObjectHideFlags: 0
  m_CorrespondingSourceObject: {fileID: 0}
  m_PrefabInstance: {fileID: 0}
  m_PrefabAsset: {fileID: 0}
  serializedVersion: 6
  m_Component:
  - component: {fileID: 1752855421926287635}
  - component: {fileID: 3959100813849321933}
  m_Layer: 0
  m_Name: Catapult_lvl2
  m_TagString: Untagged
  m_Icon: {fileID: 0}
  m_NavMeshLayer: 0
  m_StaticEditorFlags: 0
  m_IsActive: 0
--- !u!4 &1752855421926287635
Transform:
  m_ObjectHideFlags: 0
  m_CorrespondingSourceObject: {fileID: 0}
  m_PrefabInstance: {fileID: 0}
  m_PrefabAsset: {fileID: 0}
  m_GameObject: {fileID: 2873830936975761581}
  m_LocalRotation: {x: -0.7071068, y: 0, z: -0, w: 0.7071068}
  m_LocalPosition: {x: -0, y: 0, z: 0}
  m_LocalScale: {x: 1, y: 1, z: 1}
  m_Children: []
  m_Father: {fileID: 651789516111515381}
  m_RootOrder: 2
  m_LocalEulerAnglesHint: {x: 0, y: 0, z: 0}
--- !u!137 &3959100813849321933
SkinnedMeshRenderer:
  m_ObjectHideFlags: 0
  m_CorrespondingSourceObject: {fileID: 0}
  m_PrefabInstance: {fileID: 0}
  m_PrefabAsset: {fileID: 0}
  m_GameObject: {fileID: 2873830936975761581}
  m_Enabled: 1
  m_CastShadows: 1
  m_ReceiveShadows: 1
  m_DynamicOccludee: 1
  m_MotionVectors: 1
  m_LightProbeUsage: 1
  m_ReflectionProbeUsage: 1
  m_RayTracingMode: 3
  m_RayTraceProcedural: 0
  m_RenderingLayerMask: 1
  m_RendererPriority: 0
  m_Materials:
  - {fileID: 2100000, guid: dccf8e44ede71db42b49378af93c5fb7, type: 2}
  m_StaticBatchInfo:
    firstSubMesh: 0
    subMeshCount: 0
  m_StaticBatchRoot: {fileID: 0}
  m_ProbeAnchor: {fileID: 0}
  m_LightProbeVolumeOverride: {fileID: 0}
  m_ScaleInLightmap: 1
  m_ReceiveGI: 1
  m_PreserveUVs: 0
  m_IgnoreNormalsForChartDetection: 0
  m_ImportantGI: 0
  m_StitchLightmapSeams: 0
  m_SelectedEditorRenderState: 3
  m_MinimumChartSize: 4
  m_AutoUVMaxDistance: 0.5
  m_AutoUVMaxAngle: 89
  m_LightmapParameters: {fileID: 0}
  m_SortingLayerID: 0
  m_SortingLayer: 0
  m_SortingOrder: 0
  serializedVersion: 2
  m_Quality: 0
  m_UpdateWhenOffscreen: 0
  m_SkinnedMotionVectors: 1
  m_Mesh: {fileID: 4300002, guid: a568148748050d646b5be25edaa7d066, type: 3}
  m_Bones:
  - {fileID: 2975604060659970765}
  - {fileID: 6033527130377485128}
  - {fileID: 658663190148618682}
  - {fileID: 489978385902945093}
  - {fileID: 861468582794369241}
  - {fileID: 7059547020140342224}
  - {fileID: 8215746415528176577}
  - {fileID: 8689927594389633531}
  - {fileID: 5518256632047258595}
  - {fileID: 615057780427949778}
  m_BlendShapeWeights: []
  m_RootBone: {fileID: 6033527130377485128}
  m_AABB:
    m_Center: {x: -0.09662825, y: 0.63793033, z: -0.00000011920929}
    m_Extent: {x: 1.5107708, y: 0.9878828, z: 1.1944644}
  m_DirtyAABB: 0
--- !u!1 &3573925657830264412
GameObject:
  m_ObjectHideFlags: 0
  m_CorrespondingSourceObject: {fileID: 0}
  m_PrefabInstance: {fileID: 0}
  m_PrefabAsset: {fileID: 0}
  serializedVersion: 6
  m_Component:
  - component: {fileID: 7059547020140342224}
  m_Layer: 0
  m_Name: Bone_side_L
  m_TagString: Untagged
  m_Icon: {fileID: 0}
  m_NavMeshLayer: 0
  m_StaticEditorFlags: 0
  m_IsActive: 1
--- !u!4 &7059547020140342224
Transform:
  m_ObjectHideFlags: 0
  m_CorrespondingSourceObject: {fileID: 0}
  m_PrefabInstance: {fileID: 0}
  m_PrefabAsset: {fileID: 0}
  m_GameObject: {fileID: 3573925657830264412}
  m_LocalRotation: {x: 0.000000061538806, y: -0.00000006209442, z: -0.7102774, w: 0.7039219}
  m_LocalPosition: {x: -0.8555159, y: 0.29727447, z: -0.5239311}
  m_LocalScale: {x: 1, y: 1, z: 1}
  m_Children: []
  m_Father: {fileID: 6033527130377485128}
  m_RootOrder: 2
  m_LocalEulerAnglesHint: {x: 0, y: 0, z: 0}
--- !u!1 &3716591621070242123
GameObject:
  m_ObjectHideFlags: 0
  m_CorrespondingSourceObject: {fileID: 0}
  m_PrefabInstance: {fileID: 0}
  m_PrefabAsset: {fileID: 0}
  serializedVersion: 6
  m_Component:
  - component: {fileID: 489978385902945093}
  m_Layer: 0
  m_Name: Bone_wheel002
  m_TagString: Untagged
  m_Icon: {fileID: 0}
  m_NavMeshLayer: 0
  m_StaticEditorFlags: 0
  m_IsActive: 1
--- !u!4 &489978385902945093
Transform:
  m_ObjectHideFlags: 0
  m_CorrespondingSourceObject: {fileID: 0}
  m_PrefabInstance: {fileID: 0}
  m_PrefabAsset: {fileID: 0}
  m_GameObject: {fileID: 3716591621070242123}
  m_LocalRotation: {x: 1, y: 0.000000043711378, z: -0.00000007549791, w: -0.00000011920929}
  m_LocalPosition: {x: -0.9421827, y: -0.8398829, z: 0.3377281}
  m_LocalScale: {x: 1, y: 1, z: 1}
  m_Children: []
  m_Father: {fileID: 3285677191028131255}
  m_RootOrder: 4
  m_LocalEulerAnglesHint: {x: 0, y: 0, z: 0}
--- !u!1 &4937963066539954829
GameObject:
  m_ObjectHideFlags: 0
  m_CorrespondingSourceObject: {fileID: 0}
  m_PrefabInstance: {fileID: 0}
  m_PrefabAsset: {fileID: 0}
  serializedVersion: 6
  m_Component:
  - component: {fileID: 2719739204091413910}
  - component: {fileID: 590401223761376761}
  m_Layer: 0
  m_Name: Catapult_lvl3
  m_TagString: Untagged
  m_Icon: {fileID: 0}
  m_NavMeshLayer: 0
  m_StaticEditorFlags: 0
  m_IsActive: 0
--- !u!4 &2719739204091413910
Transform:
  m_ObjectHideFlags: 0
  m_CorrespondingSourceObject: {fileID: 0}
  m_PrefabInstance: {fileID: 0}
  m_PrefabAsset: {fileID: 0}
  m_GameObject: {fileID: 4937963066539954829}
  m_LocalRotation: {x: -0.7071068, y: 0, z: -0, w: 0.7071068}
  m_LocalPosition: {x: -0, y: 0, z: 0}
  m_LocalScale: {x: 1, y: 1, z: 1}
  m_Children: []
  m_Father: {fileID: 651789516111515381}
  m_RootOrder: 3
  m_LocalEulerAnglesHint: {x: 0, y: 0, z: 0}
--- !u!137 &590401223761376761
SkinnedMeshRenderer:
  m_ObjectHideFlags: 0
  m_CorrespondingSourceObject: {fileID: 0}
  m_PrefabInstance: {fileID: 0}
  m_PrefabAsset: {fileID: 0}
  m_GameObject: {fileID: 4937963066539954829}
  m_Enabled: 1
  m_CastShadows: 1
  m_ReceiveShadows: 1
  m_DynamicOccludee: 1
  m_MotionVectors: 1
  m_LightProbeUsage: 1
  m_ReflectionProbeUsage: 1
  m_RayTracingMode: 3
  m_RayTraceProcedural: 0
  m_RenderingLayerMask: 1
  m_RendererPriority: 0
  m_Materials:
  - {fileID: 2100000, guid: dccf8e44ede71db42b49378af93c5fb7, type: 2}
  m_StaticBatchInfo:
    firstSubMesh: 0
    subMeshCount: 0
  m_StaticBatchRoot: {fileID: 0}
  m_ProbeAnchor: {fileID: 0}
  m_LightProbeVolumeOverride: {fileID: 0}
  m_ScaleInLightmap: 1
  m_ReceiveGI: 1
  m_PreserveUVs: 0
  m_IgnoreNormalsForChartDetection: 0
  m_ImportantGI: 0
  m_StitchLightmapSeams: 0
  m_SelectedEditorRenderState: 3
  m_MinimumChartSize: 4
  m_AutoUVMaxDistance: 0.5
  m_AutoUVMaxAngle: 89
  m_LightmapParameters: {fileID: 0}
  m_SortingLayerID: 0
  m_SortingLayer: 0
  m_SortingOrder: 0
  serializedVersion: 2
  m_Quality: 0
  m_UpdateWhenOffscreen: 0
  m_SkinnedMotionVectors: 1
  m_Mesh: {fileID: 4300000, guid: a568148748050d646b5be25edaa7d066, type: 3}
  m_Bones:
  - {fileID: 2975604060659970765}
  - {fileID: 6033527130377485128}
  - {fileID: 861468582794369241}
  - {fileID: 615057780427949778}
  - {fileID: 658663190148618682}
  - {fileID: 8689927594389633531}
  - {fileID: 5518256632047258595}
  - {fileID: 7059547020140342224}
  - {fileID: 489978385902945093}
  - {fileID: 8215746415528176577}
  m_BlendShapeWeights: []
  m_RootBone: {fileID: 6033527130377485128}
  m_AABB:
    m_Center: {x: -0.21887517, y: 0.6486798, z: -0.000000059604645}
    m_Extent: {x: 1.6364965, y: 0.99863225, z: 1.2391007}
  m_DirtyAABB: 0
--- !u!1 &5151756558179453542
GameObject:
  m_ObjectHideFlags: 0
  m_CorrespondingSourceObject: {fileID: 0}
  m_PrefabInstance: {fileID: 0}
  m_PrefabAsset: {fileID: 0}
  serializedVersion: 6
  m_Component:
  - component: {fileID: 658663190148618682}
  m_Layer: 0
  m_Name: Bone_front
  m_TagString: Untagged
  m_Icon: {fileID: 0}
  m_NavMeshLayer: 0
  m_StaticEditorFlags: 0
  m_IsActive: 1
--- !u!4 &658663190148618682
Transform:
  m_ObjectHideFlags: 0
  m_CorrespondingSourceObject: {fileID: 0}
  m_PrefabInstance: {fileID: 0}
  m_PrefabAsset: {fileID: 0}
  m_GameObject: {fileID: 5151756558179453542}
  m_LocalRotation: {x: -0.00000008739404, y: -0.00000014427792, z: -0.72204274, w: 0.69184846}
  m_LocalPosition: {x: -1.390162, y: -0.07952729, z: -0.00000026645657}
  m_LocalScale: {x: 1, y: 1, z: 1}
  m_Children: []
  m_Father: {fileID: 6033527130377485128}
  m_RootOrder: 1
  m_LocalEulerAnglesHint: {x: 0, y: 0, z: 0}
--- !u!1 &5526285707154857258
GameObject:
  m_ObjectHideFlags: 0
  m_CorrespondingSourceObject: {fileID: 0}
  m_PrefabInstance: {fileID: 0}
  m_PrefabAsset: {fileID: 0}
  serializedVersion: 6
  m_Component:
  - component: {fileID: 6033527130377485128}
  m_Layer: 0
  m_Name: Bone_platform
  m_TagString: Untagged
  m_Icon: {fileID: 0}
  m_NavMeshLayer: 0
  m_StaticEditorFlags: 0
  m_IsActive: 1
--- !u!4 &6033527130377485128
Transform:
  m_ObjectHideFlags: 0
  m_CorrespondingSourceObject: {fileID: 0}
  m_PrefabInstance: {fileID: 0}
  m_PrefabAsset: {fileID: 0}
  m_GameObject: {fileID: 5526285707154857258}
  m_LocalRotation: {x: 0.5, y: 0.50000006, z: 0.5, w: 0.4999999}
  m_LocalPosition: {x: 0.000000047117403, y: -0.109992936, z: 0.34898153}
  m_LocalScale: {x: 1, y: 1, z: 1}
  m_Children:
  - {fileID: 8689927594389633531}
  - {fileID: 658663190148618682}
  - {fileID: 7059547020140342224}
  - {fileID: 861468582794369241}
  m_Father: {fileID: 3285677191028131255}
  m_RootOrder: 0
  m_LocalEulerAnglesHint: {x: 0, y: 0, z: 0}
--- !u!1 &6070709591024413492
GameObject:
  m_ObjectHideFlags: 0
  m_CorrespondingSourceObject: {fileID: 0}
  m_PrefabInstance: {fileID: 0}
  m_PrefabAsset: {fileID: 0}
  serializedVersion: 6
  m_Component:
  - component: {fileID: 1136310576925167017}
  - component: {fileID: 3118133400473928473}
  m_Layer: 0
  m_Name: projectile_lvl2
  m_TagString: Untagged
  m_Icon: {fileID: 0}
  m_NavMeshLayer: 0
  m_StaticEditorFlags: 0
  m_IsActive: 0
--- !u!4 &1136310576925167017
Transform:
  m_ObjectHideFlags: 0
  m_CorrespondingSourceObject: {fileID: 0}
  m_PrefabInstance: {fileID: 0}
  m_PrefabAsset: {fileID: 0}
  m_GameObject: {fileID: 6070709591024413492}
  m_LocalRotation: {x: -0.7071068, y: 0, z: -0, w: 0.7071068}
  m_LocalPosition: {x: 0.000029879475, y: 0.7975396, z: -0.86954224}
  m_LocalScale: {x: 1, y: 1, z: 1}
  m_Children: []
  m_Father: {fileID: 651789516111515381}
  m_RootOrder: 5
  m_LocalEulerAnglesHint: {x: 0, y: 0, z: 0}
--- !u!137 &3118133400473928473
SkinnedMeshRenderer:
  m_ObjectHideFlags: 0
  m_CorrespondingSourceObject: {fileID: 0}
  m_PrefabInstance: {fileID: 0}
  m_PrefabAsset: {fileID: 0}
  m_GameObject: {fileID: 6070709591024413492}
  m_Enabled: 1
  m_CastShadows: 1
  m_ReceiveShadows: 1
  m_DynamicOccludee: 1
  m_MotionVectors: 1
  m_LightProbeUsage: 1
  m_ReflectionProbeUsage: 1
  m_RayTracingMode: 3
  m_RayTraceProcedural: 0
  m_RenderingLayerMask: 1
  m_RendererPriority: 0
  m_Materials:
  - {fileID: 2100000, guid: dccf8e44ede71db42b49378af93c5fb7, type: 2}
  m_StaticBatchInfo:
    firstSubMesh: 0
    subMeshCount: 0
  m_StaticBatchRoot: {fileID: 0}
  m_ProbeAnchor: {fileID: 0}
  m_LightProbeVolumeOverride: {fileID: 0}
  m_ScaleInLightmap: 1
  m_ReceiveGI: 1
  m_PreserveUVs: 0
  m_IgnoreNormalsForChartDetection: 0
  m_ImportantGI: 0
  m_StitchLightmapSeams: 0
  m_SelectedEditorRenderState: 3
  m_MinimumChartSize: 4
  m_AutoUVMaxDistance: 0.5
  m_AutoUVMaxAngle: 89
  m_LightmapParameters: {fileID: 0}
  m_SortingLayerID: 0
  m_SortingLayer: 0
  m_SortingOrder: 0
  serializedVersion: 2
  m_Quality: 0
  m_UpdateWhenOffscreen: 0
  m_SkinnedMotionVectors: 1
  m_Mesh: {fileID: 4300008, guid: a568148748050d646b5be25edaa7d066, type: 3}
  m_Bones:
  - {fileID: 5518256632047258595}
  m_BlendShapeWeights: []
  m_RootBone: {fileID: 5518256632047258595}
  m_AABB:
    m_Center: {x: -0.045557976, y: 0.011787087, z: 0.004294485}
    m_Extent: {x: 0.3838659, y: 0.37960792, z: 0.3872258}
  m_DirtyAABB: 0
--- !u!1 &6428189743426627702
GameObject:
  m_ObjectHideFlags: 0
  m_CorrespondingSourceObject: {fileID: 0}
  m_PrefabInstance: {fileID: 0}
  m_PrefabAsset: {fileID: 0}
  serializedVersion: 6
  m_Component:
  - component: {fileID: 3285677191028131255}
  m_Layer: 0
  m_Name: BONE_BASE
  m_TagString: Untagged
  m_Icon: {fileID: 0}
  m_NavMeshLayer: 0
  m_StaticEditorFlags: 0
  m_IsActive: 1
--- !u!4 &3285677191028131255
Transform:
  m_ObjectHideFlags: 0
  m_CorrespondingSourceObject: {fileID: 0}
  m_PrefabInstance: {fileID: 0}
  m_PrefabAsset: {fileID: 0}
  m_GameObject: {fileID: 6428189743426627702}
  m_LocalRotation: {x: -0.7071068, y: -0.000000084293696, z: -0.000000022476465, w: 0.7071067}
  m_LocalPosition: {x: 0.000000004807941, y: 0, z: 0}
  m_LocalScale: {x: 1, y: 1, z: 1}
  m_Children:
  - {fileID: 6033527130377485128}
  - {fileID: 615057780427949778}
  - {fileID: 2975604060659970765}
  - {fileID: 8215746415528176577}
  - {fileID: 489978385902945093}
  m_Father: {fileID: 651789516111515381}
  m_RootOrder: 0
  m_LocalEulerAnglesHint: {x: 0, y: 0, z: 0}
--- !u!1 &6593772510068950155
GameObject:
  m_ObjectHideFlags: 0
  m_CorrespondingSourceObject: {fileID: 0}
  m_PrefabInstance: {fileID: 0}
  m_PrefabAsset: {fileID: 0}
  serializedVersion: 6
  m_Component:
  - component: {fileID: 4669292773513796926}
  - component: {fileID: 579784730619184050}
  m_Layer: 0
  m_Name: Catapult_lvl1
  m_TagString: Untagged
  m_Icon: {fileID: 0}
  m_NavMeshLayer: 0
  m_StaticEditorFlags: 0
  m_IsActive: 1
--- !u!4 &4669292773513796926
Transform:
  m_ObjectHideFlags: 0
  m_CorrespondingSourceObject: {fileID: 0}
  m_PrefabInstance: {fileID: 0}
  m_PrefabAsset: {fileID: 0}
  m_GameObject: {fileID: 6593772510068950155}
  m_LocalRotation: {x: -0.7071068, y: 0, z: -0, w: 0.7071068}
  m_LocalPosition: {x: -0, y: 0, z: 0}
  m_LocalScale: {x: 1, y: 1, z: 1}
  m_Children: []
  m_Father: {fileID: 651789516111515381}
  m_RootOrder: 1
  m_LocalEulerAnglesHint: {x: 0, y: 0, z: 0}
--- !u!137 &579784730619184050
SkinnedMeshRenderer:
  m_ObjectHideFlags: 0
  m_CorrespondingSourceObject: {fileID: 0}
  m_PrefabInstance: {fileID: 0}
  m_PrefabAsset: {fileID: 0}
  m_GameObject: {fileID: 6593772510068950155}
  m_Enabled: 1
  m_CastShadows: 1
  m_ReceiveShadows: 1
  m_DynamicOccludee: 1
  m_MotionVectors: 1
  m_LightProbeUsage: 1
  m_ReflectionProbeUsage: 1
  m_RayTracingMode: 3
  m_RayTraceProcedural: 0
  m_RenderingLayerMask: 1
  m_RendererPriority: 0
  m_Materials:
  - {fileID: 2100000, guid: 011ed778acc150547b687d4e51c90187, type: 2}
  m_StaticBatchInfo:
    firstSubMesh: 0
    subMeshCount: 0
  m_StaticBatchRoot: {fileID: 0}
  m_ProbeAnchor: {fileID: 0}
  m_LightProbeVolumeOverride: {fileID: 0}
  m_ScaleInLightmap: 1
  m_ReceiveGI: 1
  m_PreserveUVs: 0
  m_IgnoreNormalsForChartDetection: 0
  m_ImportantGI: 0
  m_StitchLightmapSeams: 0
  m_SelectedEditorRenderState: 3
  m_MinimumChartSize: 4
  m_AutoUVMaxDistance: 0.5
  m_AutoUVMaxAngle: 89
  m_LightmapParameters: {fileID: 0}
  m_SortingLayerID: 0
  m_SortingLayer: 0
  m_SortingOrder: 0
  serializedVersion: 2
  m_Quality: 0
  m_UpdateWhenOffscreen: 0
  m_SkinnedMotionVectors: 1
  m_Mesh: {fileID: 4300004, guid: a568148748050d646b5be25edaa7d066, type: 3}
  m_Bones:
  - {fileID: 2975604060659970765}
  - {fileID: 6033527130377485128}
  - {fileID: 489978385902945093}
  - {fileID: 7059547020140342224}
  - {fileID: 861468582794369241}
  - {fileID: 8689927594389633531}
  - {fileID: 658663190148618682}
  - {fileID: 615057780427949778}
  - {fileID: 8215746415528176577}
  - {fileID: 5518256632047258595}
  m_BlendShapeWeights: []
  m_RootBone: {fileID: 6033527130377485128}
  m_AABB:
    m_Center: {x: 0.006533563, y: 0.63793033, z: -0.00000011920929}
    m_Extent: {x: 1.4079995, y: 0.9878828, z: 1.1944644}
  m_DirtyAABB: 0
--- !u!1 &7085226874754656309
GameObject:
  m_ObjectHideFlags: 0
  m_CorrespondingSourceObject: {fileID: 0}
  m_PrefabInstance: {fileID: 0}
  m_PrefabAsset: {fileID: 0}
  serializedVersion: 6
  m_Component:
  - component: {fileID: 861468582794369241}
  m_Layer: 0
  m_Name: Bone_side_R
  m_TagString: Untagged
  m_Icon: {fileID: 0}
  m_NavMeshLayer: 0
  m_StaticEditorFlags: 0
  m_IsActive: 1
--- !u!4 &861468582794369241
Transform:
  m_ObjectHideFlags: 0
  m_CorrespondingSourceObject: {fileID: 0}
  m_PrefabInstance: {fileID: 0}
  m_PrefabAsset: {fileID: 0}
  m_GameObject: {fileID: 7085226874754656309}
  m_LocalRotation: {x: 0.000000061538806, y: -0.00000006209442, z: -0.7102774, w: 0.7039219}
  m_LocalPosition: {x: -0.8555161, y: 0.29727465, z: 0.55994046}
  m_LocalScale: {x: 1, y: 1, z: 1}
  m_Children: []
  m_Father: {fileID: 6033527130377485128}
  m_RootOrder: 3
  m_LocalEulerAnglesHint: {x: 0, y: 0, z: 0}
--- !u!1 &7130248137024399948
GameObject:
  m_ObjectHideFlags: 0
  m_CorrespondingSourceObject: {fileID: 0}
  m_PrefabInstance: {fileID: 0}
  m_PrefabAsset: {fileID: 0}
  serializedVersion: 6
  m_Component:
  - component: {fileID: 615057780427949778}
  m_Layer: 0
  m_Name: Bone_wheel
  m_TagString: Untagged
  m_Icon: {fileID: 0}
  m_NavMeshLayer: 0
  m_StaticEditorFlags: 0
  m_IsActive: 1
--- !u!4 &615057780427949778
Transform:
  m_ObjectHideFlags: 0
  m_CorrespondingSourceObject: {fileID: 0}
  m_PrefabInstance: {fileID: 0}
  m_PrefabAsset: {fileID: 0}
  m_GameObject: {fileID: 7130248137024399948}
  m_LocalRotation: {x: 0.00000004371139, y: 1.9106855e-15, z: 1, w: -0.00000004371139}
  m_LocalPosition: {x: 0.928222, y: 0.63129425, z: 0.3377282}
  m_LocalScale: {x: 1, y: 1, z: 1}
  m_Children: []
  m_Father: {fileID: 3285677191028131255}
  m_RootOrder: 1
  m_LocalEulerAnglesHint: {x: 0, y: 0, z: 0}
--- !u!1 &7411711211490434158
GameObject:
  m_ObjectHideFlags: 0
  m_CorrespondingSourceObject: {fileID: 0}
  m_PrefabInstance: {fileID: 0}
  m_PrefabAsset: {fileID: 0}
  serializedVersion: 6
  m_Component:
  - component: {fileID: 5518256632047258595}
  m_Layer: 0
  m_Name: Bone_rock
  m_TagString: Untagged
  m_Icon: {fileID: 0}
  m_NavMeshLayer: 0
  m_StaticEditorFlags: 0
  m_IsActive: 1
--- !u!4 &5518256632047258595
Transform:
  m_ObjectHideFlags: 0
  m_CorrespondingSourceObject: {fileID: 0}
  m_PrefabInstance: {fileID: 0}
  m_PrefabAsset: {fileID: 0}
  m_GameObject: {fileID: 7411711211490434158}
  m_LocalRotation: {x: 0.0000000073515465, y: 0.000000007470374, z: 0.712753, w: 0.7014151}
  m_LocalPosition: {x: -1.5904872, y: -0.15766731, z: 0.00000024223328}
  m_LocalScale: {x: 1, y: 1, z: 1}
  m_Children: []
  m_Father: {fileID: 8689927594389633531}
  m_RootOrder: 0
  m_LocalEulerAnglesHint: {x: 0, y: 0, z: 0}
--- !u!1 &7682916214724032979
GameObject:
  m_ObjectHideFlags: 0
  m_CorrespondingSourceObject: {fileID: 0}
  m_PrefabInstance: {fileID: 0}
  m_PrefabAsset: {fileID: 0}
  serializedVersion: 6
  m_Component:
  - component: {fileID: 1234965010594345750}
  - component: {fileID: 8946952690140862010}
  - component: {fileID: 5908778609051614236}
  m_Layer: 3
  m_Name: UnitRangeCatapult_Lvl_3
  m_TagString: Untagged
  m_Icon: {fileID: 0}
  m_NavMeshLayer: 0
  m_StaticEditorFlags: 0
  m_IsActive: 1
--- !u!4 &1234965010594345750
Transform:
  m_ObjectHideFlags: 0
  m_CorrespondingSourceObject: {fileID: 0}
  m_PrefabInstance: {fileID: 0}
  m_PrefabAsset: {fileID: 0}
  m_GameObject: {fileID: 7682916214724032979}
  m_LocalRotation: {x: -0, y: -0, z: -0, w: 1}
  m_LocalPosition: {x: 0, y: 0, z: 5}
  m_LocalScale: {x: 1, y: 1, z: 1}
  m_Children:
  - {fileID: 2693579576050645342}
  - {fileID: 1779905662690908835}
  - {fileID: 651789516111515381}
  - {fileID: 3998146291435300387}
  m_Father: {fileID: 0}
  m_RootOrder: 0
  m_LocalEulerAnglesHint: {x: 0, y: 0, z: 0}
--- !u!114 &8946952690140862010
MonoBehaviour:
  m_ObjectHideFlags: 0
  m_CorrespondingSourceObject: {fileID: 0}
  m_PrefabInstance: {fileID: 0}
  m_PrefabAsset: {fileID: 0}
  m_GameObject: {fileID: 7682916214724032979}
  m_Enabled: 1
  m_EditorHideFlags: 0
  m_Script: {fileID: 11500000, guid: 3b8b98ba81c371d44b4a5da95bb229ba, type: 3}
  m_Name: 
  m_EditorClassIdentifier: 
  unitType: 3
  unitRarity: 2
  moveSpeed: 1.5
  attackDelay: 3.5
  unitWarriorUI: {fileID: 314778075464545045}
  projectile: {fileID: 6545822773888027801, guid: 4f5aaf2e2664a9b45aaf0d180b7e70f7, type: 3}
  firePoint: {fileID: 3998146291435300387}
  warriorUnitEffectsContainer: {fileID: 7758437510267518269}
  animationController: {fileID: 555129592558067659}
  damageNumbersPrefab: {fileID: 2141552948384211686, guid: 63f5ae60c147c69418184dbc0ec71212, type: 3}
--- !u!136 &5908778609051614236
CapsuleCollider:
  m_ObjectHideFlags: 0
  m_CorrespondingSourceObject: {fileID: 0}
  m_PrefabInstance: {fileID: 0}
  m_PrefabAsset: {fileID: 0}
  m_GameObject: {fileID: 7682916214724032979}
  m_Material: {fileID: 0}
  m_IsTrigger: 0
  m_Enabled: 1
  m_Radius: 0.2
  m_Height: 0.76
  m_Direction: 1
  m_Center: {x: 0, y: 0.76, z: 0}
--- !u!1 &9145215686730889269
GameObject:
  m_ObjectHideFlags: 0
  m_CorrespondingSourceObject: {fileID: 0}
  m_PrefabInstance: {fileID: 0}
  m_PrefabAsset: {fileID: 0}
  serializedVersion: 6
  m_Component:
  - component: {fileID: 3998146291435300387}
  - component: {fileID: 6441359479221876824}
  m_Layer: 0
  m_Name: FirePoint
  m_TagString: Untagged
  m_Icon: {fileID: 0}
  m_NavMeshLayer: 0
  m_StaticEditorFlags: 0
  m_IsActive: 1
--- !u!4 &3998146291435300387
Transform:
  m_ObjectHideFlags: 0
  m_CorrespondingSourceObject: {fileID: 0}
  m_PrefabInstance: {fileID: 0}
  m_PrefabAsset: {fileID: 0}
  m_GameObject: {fileID: 9145215686730889269}
  m_LocalRotation: {x: -0, y: -0, z: -0, w: 1}
  m_LocalPosition: {x: 0, y: 1.453, z: -0.21400023}
  m_LocalScale: {x: 1, y: 1, z: 1}
  m_Children: []
  m_Father: {fileID: 1234965010594345750}
  m_RootOrder: 3
  m_LocalEulerAnglesHint: {x: 0, y: 0, z: 0}
--- !u!114 &6441359479221876824
MonoBehaviour:
  m_ObjectHideFlags: 0
  m_CorrespondingSourceObject: {fileID: 0}
  m_PrefabInstance: {fileID: 0}
  m_PrefabAsset: {fileID: 0}
  m_GameObject: {fileID: 9145215686730889269}
  m_Enabled: 1
  m_EditorHideFlags: 0
  m_Script: {fileID: 11500000, guid: 7cbb70b54e9a5064fb6acdc1a213faed, type: 3}
  m_Name: 
  m_EditorClassIdentifier: 
  isDraw: 1
  isShowName: 1
  radius: 0.05
  color: {r: 1, g: 0, b: 0, a: 1}
  namePoint: Fire point
  typeView: 0
--- !u!1001 &3461655970825667467
PrefabInstance:
  m_ObjectHideFlags: 0
  serializedVersion: 2
  m_Modification:
    m_TransformParent: {fileID: 1234965010594345750}
    m_Modifications:
    - target: {fileID: 1543540162981690069, guid: e7015e99d11a50d4da108ee4edac11fe, type: 3}
      propertyPath: m_Pivot.x
      value: 0.5
      objectReference: {fileID: 0}
    - target: {fileID: 1543540162981690069, guid: e7015e99d11a50d4da108ee4edac11fe, type: 3}
      propertyPath: m_Pivot.y
      value: 0.5
      objectReference: {fileID: 0}
    - target: {fileID: 1543540162981690069, guid: e7015e99d11a50d4da108ee4edac11fe, type: 3}
      propertyPath: m_RootOrder
      value: 0
      objectReference: {fileID: 0}
    - target: {fileID: 1543540162981690069, guid: e7015e99d11a50d4da108ee4edac11fe, type: 3}
      propertyPath: m_AnchorMax.x
      value: 0
      objectReference: {fileID: 0}
    - target: {fileID: 1543540162981690069, guid: e7015e99d11a50d4da108ee4edac11fe, type: 3}
      propertyPath: m_AnchorMax.y
      value: 0
      objectReference: {fileID: 0}
    - target: {fileID: 1543540162981690069, guid: e7015e99d11a50d4da108ee4edac11fe, type: 3}
      propertyPath: m_AnchorMin.x
      value: 0
      objectReference: {fileID: 0}
    - target: {fileID: 1543540162981690069, guid: e7015e99d11a50d4da108ee4edac11fe, type: 3}
      propertyPath: m_AnchorMin.y
      value: 0
      objectReference: {fileID: 0}
    - target: {fileID: 1543540162981690069, guid: e7015e99d11a50d4da108ee4edac11fe, type: 3}
      propertyPath: m_SizeDelta.x
      value: 1
      objectReference: {fileID: 0}
    - target: {fileID: 1543540162981690069, guid: e7015e99d11a50d4da108ee4edac11fe, type: 3}
      propertyPath: m_SizeDelta.y
      value: 1
      objectReference: {fileID: 0}
    - target: {fileID: 1543540162981690069, guid: e7015e99d11a50d4da108ee4edac11fe, type: 3}
      propertyPath: m_LocalPosition.x
      value: 0
      objectReference: {fileID: 0}
    - target: {fileID: 1543540162981690069, guid: e7015e99d11a50d4da108ee4edac11fe, type: 3}
      propertyPath: m_LocalPosition.y
      value: 0
      objectReference: {fileID: 0}
    - target: {fileID: 1543540162981690069, guid: e7015e99d11a50d4da108ee4edac11fe, type: 3}
      propertyPath: m_LocalPosition.z
      value: -0.274
      objectReference: {fileID: 0}
    - target: {fileID: 1543540162981690069, guid: e7015e99d11a50d4da108ee4edac11fe, type: 3}
      propertyPath: m_LocalRotation.w
      value: 0.92387956
      objectReference: {fileID: 0}
    - target: {fileID: 1543540162981690069, guid: e7015e99d11a50d4da108ee4edac11fe, type: 3}
      propertyPath: m_LocalRotation.x
      value: 0.38268343
      objectReference: {fileID: 0}
    - target: {fileID: 1543540162981690069, guid: e7015e99d11a50d4da108ee4edac11fe, type: 3}
      propertyPath: m_LocalRotation.y
      value: 0
      objectReference: {fileID: 0}
    - target: {fileID: 1543540162981690069, guid: e7015e99d11a50d4da108ee4edac11fe, type: 3}
      propertyPath: m_LocalRotation.z
      value: 0
      objectReference: {fileID: 0}
    - target: {fileID: 1543540162981690069, guid: e7015e99d11a50d4da108ee4edac11fe, type: 3}
      propertyPath: m_AnchoredPosition.x
      value: 0
      objectReference: {fileID: 0}
    - target: {fileID: 1543540162981690069, guid: e7015e99d11a50d4da108ee4edac11fe, type: 3}
      propertyPath: m_AnchoredPosition.y
      value: 1.4
      objectReference: {fileID: 0}
    - target: {fileID: 1543540162981690069, guid: e7015e99d11a50d4da108ee4edac11fe, type: 3}
      propertyPath: m_LocalEulerAnglesHint.x
      value: 45
      objectReference: {fileID: 0}
    - target: {fileID: 1543540162981690069, guid: e7015e99d11a50d4da108ee4edac11fe, type: 3}
      propertyPath: m_LocalEulerAnglesHint.y
      value: 0
      objectReference: {fileID: 0}
    - target: {fileID: 1543540162981690069, guid: e7015e99d11a50d4da108ee4edac11fe, type: 3}
      propertyPath: m_LocalEulerAnglesHint.z
      value: 0
      objectReference: {fileID: 0}
    - target: {fileID: 2568035954229612155, guid: e7015e99d11a50d4da108ee4edac11fe, type: 3}
      propertyPath: m_Name
      value: UnitCatapultUI
      objectReference: {fileID: 0}
    m_RemovedComponents: []
  m_SourcePrefab: {fileID: 100100000, guid: e7015e99d11a50d4da108ee4edac11fe, type: 3}
--- !u!114 &314778075464545045 stripped
MonoBehaviour:
  m_CorrespondingSourceObject: {fileID: 3770662144593997982, guid: e7015e99d11a50d4da108ee4edac11fe, type: 3}
  m_PrefabInstance: {fileID: 3461655970825667467}
  m_PrefabAsset: {fileID: 0}
  m_GameObject: {fileID: 0}
  m_Enabled: 1
  m_EditorHideFlags: 0
  m_Script: {fileID: 11500000, guid: adca4232b2f03f649b9b456a9298ad34, type: 3}
  m_Name: 
  m_EditorClassIdentifier: 
--- !u!224 &2693579576050645342 stripped
RectTransform:
  m_CorrespondingSourceObject: {fileID: 1543540162981690069, guid: e7015e99d11a50d4da108ee4edac11fe, type: 3}
  m_PrefabInstance: {fileID: 3461655970825667467}
  m_PrefabAsset: {fileID: 0}
--- !u!1001 &8047269314494750741
PrefabInstance:
  m_ObjectHideFlags: 0
  serializedVersion: 2
  m_Modification:
    m_TransformParent: {fileID: 1234965010594345750}
    m_Modifications:
    - target: {fileID: 7232945731123358090, guid: a6706d02406e36748895510855ad5bd7, type: 3}
      propertyPath: m_Name
      value: CatapultUnitEffectsContainer
      objectReference: {fileID: 0}
    - target: {fileID: 8583537681403329206, guid: a6706d02406e36748895510855ad5bd7, type: 3}
      propertyPath: m_RootOrder
      value: 1
      objectReference: {fileID: 0}
    - target: {fileID: 8583537681403329206, guid: a6706d02406e36748895510855ad5bd7, type: 3}
      propertyPath: m_LocalPosition.x
      value: -0.32955962
      objectReference: {fileID: 0}
    - target: {fileID: 8583537681403329206, guid: a6706d02406e36748895510855ad5bd7, type: 3}
      propertyPath: m_LocalPosition.y
      value: -0.0018584728
      objectReference: {fileID: 0}
    - target: {fileID: 8583537681403329206, guid: a6706d02406e36748895510855ad5bd7, type: 3}
      propertyPath: m_LocalPosition.z
      value: 1.5005379
      objectReference: {fileID: 0}
    - target: {fileID: 8583537681403329206, guid: a6706d02406e36748895510855ad5bd7, type: 3}
      propertyPath: m_LocalRotation.w
      value: 1
      objectReference: {fileID: 0}
    - target: {fileID: 8583537681403329206, guid: a6706d02406e36748895510855ad5bd7, type: 3}
      propertyPath: m_LocalRotation.x
      value: -0
      objectReference: {fileID: 0}
    - target: {fileID: 8583537681403329206, guid: a6706d02406e36748895510855ad5bd7, type: 3}
      propertyPath: m_LocalRotation.y
      value: -0
      objectReference: {fileID: 0}
    - target: {fileID: 8583537681403329206, guid: a6706d02406e36748895510855ad5bd7, type: 3}
      propertyPath: m_LocalRotation.z
      value: -0
      objectReference: {fileID: 0}
    - target: {fileID: 8583537681403329206, guid: a6706d02406e36748895510855ad5bd7, type: 3}
      propertyPath: m_LocalEulerAnglesHint.x
      value: 0
      objectReference: {fileID: 0}
    - target: {fileID: 8583537681403329206, guid: a6706d02406e36748895510855ad5bd7, type: 3}
      propertyPath: m_LocalEulerAnglesHint.y
      value: 0
      objectReference: {fileID: 0}
    - target: {fileID: 8583537681403329206, guid: a6706d02406e36748895510855ad5bd7, type: 3}
      propertyPath: m_LocalEulerAnglesHint.z
      value: 0
      objectReference: {fileID: 0}
    m_RemovedComponents: []
  m_SourcePrefab: {fileID: 100100000, guid: a6706d02406e36748895510855ad5bd7, type: 3}
--- !u!114 &7758437510267518269 stripped
MonoBehaviour:
  m_CorrespondingSourceObject: {fileID: 289959913945554216, guid: a6706d02406e36748895510855ad5bd7, type: 3}
  m_PrefabInstance: {fileID: 8047269314494750741}
  m_PrefabAsset: {fileID: 0}
  m_GameObject: {fileID: 0}
  m_Enabled: 1
  m_EditorHideFlags: 0
  m_Script: {fileID: 11500000, guid: fcf18c9766a69df4aa74e7c71b25e640, type: 3}
  m_Name: 
  m_EditorClassIdentifier: 
--- !u!4 &1779905662690908835 stripped
Transform:
  m_CorrespondingSourceObject: {fileID: 8583537681403329206, guid: a6706d02406e36748895510855ad5bd7, type: 3}
  m_PrefabInstance: {fileID: 8047269314494750741}
  m_PrefabAsset: {fileID: 0}
