%YAML 1.1
%TAG !u! tag:unity3d.com,2011:
--- !u!1 &5117561810731404733
GameObject:
  m_ObjectHideFlags: 0
  m_CorrespondingSourceObject: {fileID: 0}
  m_PrefabInstance: {fileID: 0}
  m_PrefabAsset: {fileID: 0}
  serializedVersion: 6
  m_Component:
  - component: {fileID: 5655115901068679230}
  - component: {fileID: 6482116124776659777}
  - component: {fileID: 6545822773888027801}
  - component: {fileID: 8107941774385134814}
  m_Layer: 7
  m_Name: MageOrbProjectile1
  m_TagString: Untagged
  m_Icon: {fileID: 0}
  m_NavMeshLayer: 0
  m_StaticEditorFlags: 0
  m_IsActive: 1
--- !u!4 &5655115901068679230
Transform:
  m_ObjectHideFlags: 0
  m_CorrespondingSourceObject: {fileID: 0}
  m_PrefabInstance: {fileID: 0}
  m_PrefabAsset: {fileID: 0}
  m_GameObject: {fileID: 5117561810731404733}
  m_LocalRotation: {x: 0, y: 0, z: 0, w: 1}
  m_LocalPosition: {x: 0, y: 0, z: 0}
  m_LocalScale: {x: 1, y: 1, z: 1}
  m_Children:
  - {fileID: 8109989322504055171}
  - {fileID: 3832934297004349803}
  - {fileID: 3827380925860104}
  - {fileID: 9081985559018830011}
  - {fileID: 9095152276066640593}
  - {fileID: 4153307906167656161}
  m_Father: {fileID: 0}
  m_RootOrder: 0
  m_LocalEulerAnglesHint: {x: 0, y: 0, z: 0}
--- !u!65 &6482116124776659777
BoxCollider:
  m_ObjectHideFlags: 0
  m_CorrespondingSourceObject: {fileID: 0}
  m_PrefabInstance: {fileID: 0}
  m_PrefabAsset: {fileID: 0}
  m_GameObject: {fileID: 5117561810731404733}
  m_Material: {fileID: 0}
  m_IsTrigger: 0
  m_Enabled: 1
  serializedVersion: 2
  m_Size: {x: 0.05, y: 0.05, z: 0.05}
  m_Center: {x: 0, y: 0, z: 0}
--- !u!114 &6545822773888027801
MonoBehaviour:
  m_ObjectHideFlags: 0
  m_CorrespondingSourceObject: {fileID: 0}
  m_PrefabInstance: {fileID: 0}
  m_PrefabAsset: {fileID: 0}
  m_GameObject: {fileID: 5117561810731404733}
  m_Enabled: 1
  m_EditorHideFlags: 0
  m_Script: {fileID: 11500000, guid: 59104a3c7ef49754aae66fc5cc8593cb, type: 3}
  m_Name: 
  m_EditorClassIdentifier: 
  projectileType: 0
  collider: {fileID: 6482116124776659777}
  speed: 1.2
  hitEffect: {fileID: 3827380945190624}
--- !u!54 &8107941774385134814
Rigidbody:
  m_ObjectHideFlags: 0
  m_CorrespondingSourceObject: {fileID: 0}
  m_PrefabInstance: {fileID: 0}
  m_PrefabAsset: {fileID: 0}
  m_GameObject: {fileID: 5117561810731404733}
  serializedVersion: 2
  m_Mass: 0.2
  m_Drag: 0
  m_AngularDrag: 0.05
  m_UseGravity: 0
  m_IsKinematic: 0
  m_Interpolate: 0
  m_Constraints: 0
  m_CollisionDetection: 0
--- !u!1001 &3827380926189578
PrefabInstance:
  m_ObjectHideFlags: 0
  serializedVersion: 2
  m_Modification:
    m_TransformParent: {fileID: 5655115901068679230}
    m_Modifications:
    - target: {fileID: 193442, guid: 12673f4cc7f725d4082ece9c7c724b9c, type: 3}
      propertyPath: m_Name
      value: MagicExplosionBlue
      objectReference: {fileID: 0}
    - target: {fileID: 465154, guid: 12673f4cc7f725d4082ece9c7c724b9c, type: 3}
      propertyPath: m_RootOrder
      value: 2
      objectReference: {fileID: 0}
    - target: {fileID: 465154, guid: 12673f4cc7f725d4082ece9c7c724b9c, type: 3}
      propertyPath: m_LocalScale.x
      value: 0.24936
      objectReference: {fileID: 0}
    - target: {fileID: 465154, guid: 12673f4cc7f725d4082ece9c7c724b9c, type: 3}
      propertyPath: m_LocalScale.y
      value: 0.24936
      objectReference: {fileID: 0}
    - target: {fileID: 465154, guid: 12673f4cc7f725d4082ece9c7c724b9c, type: 3}
      propertyPath: m_LocalScale.z
      value: 0.24936
      objectReference: {fileID: 0}
    - target: {fileID: 465154, guid: 12673f4cc7f725d4082ece9c7c724b9c, type: 3}
      propertyPath: m_LocalPosition.x
      value: 0
      objectReference: {fileID: 0}
    - target: {fileID: 465154, guid: 12673f4cc7f725d4082ece9c7c724b9c, type: 3}
      propertyPath: m_LocalPosition.y
      value: 0
      objectReference: {fileID: 0}
    - target: {fileID: 465154, guid: 12673f4cc7f725d4082ece9c7c724b9c, type: 3}
      propertyPath: m_LocalPosition.z
      value: 0
      objectReference: {fileID: 0}
    - target: {fileID: 465154, guid: 12673f4cc7f725d4082ece9c7c724b9c, type: 3}
      propertyPath: m_LocalRotation.w
      value: 0.7071068
      objectReference: {fileID: 0}
    - target: {fileID: 465154, guid: 12673f4cc7f725d4082ece9c7c724b9c, type: 3}
      propertyPath: m_LocalRotation.x
      value: -0.7071068
      objectReference: {fileID: 0}
    - target: {fileID: 465154, guid: 12673f4cc7f725d4082ece9c7c724b9c, type: 3}
      propertyPath: m_LocalRotation.y
      value: 0
      objectReference: {fileID: 0}
    - target: {fileID: 465154, guid: 12673f4cc7f725d4082ece9c7c724b9c, type: 3}
      propertyPath: m_LocalRotation.z
      value: 0
      objectReference: {fileID: 0}
    - target: {fileID: 465154, guid: 12673f4cc7f725d4082ece9c7c724b9c, type: 3}
      propertyPath: m_LocalEulerAnglesHint.x
      value: -90
      objectReference: {fileID: 0}
    - target: {fileID: 465154, guid: 12673f4cc7f725d4082ece9c7c724b9c, type: 3}
      propertyPath: m_LocalEulerAnglesHint.y
      value: 0
      objectReference: {fileID: 0}
    - target: {fileID: 465154, guid: 12673f4cc7f725d4082ece9c7c724b9c, type: 3}
      propertyPath: m_LocalEulerAnglesHint.z
      value: 0
      objectReference: {fileID: 0}
    - target: {fileID: 19955612, guid: 12673f4cc7f725d4082ece9c7c724b9c, type: 3}
      propertyPath: m_Materials.Array.size
      value: 1
      objectReference: {fileID: 0}
    - target: {fileID: 19956404, guid: 12673f4cc7f725d4082ece9c7c724b9c, type: 3}
      propertyPath: m_Materials.Array.size
      value: 1
      objectReference: {fileID: 0}
    - target: {fileID: 19967586, guid: 12673f4cc7f725d4082ece9c7c724b9c, type: 3}
      propertyPath: m_Materials.Array.size
      value: 1
      objectReference: {fileID: 0}
    - target: {fileID: 19979200, guid: 12673f4cc7f725d4082ece9c7c724b9c, type: 3}
      propertyPath: m_Materials.Array.size
      value: 1
      objectReference: {fileID: 0}
    - target: {fileID: 19988488, guid: 12673f4cc7f725d4082ece9c7c724b9c, type: 3}
      propertyPath: m_Materials.Array.size
      value: 1
      objectReference: {fileID: 0}
    - target: {fileID: 19990618, guid: 12673f4cc7f725d4082ece9c7c724b9c, type: 3}
      propertyPath: m_Materials.Array.size
      value: 1
      objectReference: {fileID: 0}
    m_RemovedComponents: []
  m_SourcePrefab: {fileID: 100100000, guid: 12673f4cc7f725d4082ece9c7c724b9c, type: 3}
--- !u!4 &3827380925860104 stripped
Transform:
  m_CorrespondingSourceObject: {fileID: 465154, guid: 12673f4cc7f725d4082ece9c7c724b9c, type: 3}
  m_PrefabInstance: {fileID: 3827380926189578}
  m_PrefabAsset: {fileID: 0}
--- !u!198 &3827380945190624 stripped
ParticleSystem:
  m_CorrespondingSourceObject: {fileID: 19853034, guid: 12673f4cc7f725d4082ece9c7c724b9c, type: 3}
  m_PrefabInstance: {fileID: 3827380926189578}
  m_PrefabAsset: {fileID: 0}
--- !u!1001 &3832934297004515839
PrefabInstance:
  m_ObjectHideFlags: 0
  serializedVersion: 2
  m_Modification:
    m_TransformParent: {fileID: 5655115901068679230}
    m_Modifications:
    - target: {fileID: 102006, guid: ded43eaee385aa94eafade73f78babdb, type: 3}
      propertyPath: m_Name
      value: MagicExplosionGreen
      objectReference: {fileID: 0}
    - target: {fileID: 102006, guid: ded43eaee385aa94eafade73f78babdb, type: 3}
      propertyPath: m_IsActive
      value: 0
      objectReference: {fileID: 0}
    - target: {fileID: 440468, guid: ded43eaee385aa94eafade73f78babdb, type: 3}
      propertyPath: m_RootOrder
      value: 1
      objectReference: {fileID: 0}
    - target: {fileID: 440468, guid: ded43eaee385aa94eafade73f78babdb, type: 3}
      propertyPath: m_LocalScale.x
      value: 0.31611
      objectReference: {fileID: 0}
    - target: {fileID: 440468, guid: ded43eaee385aa94eafade73f78babdb, type: 3}
      propertyPath: m_LocalScale.y
      value: 0.31611
      objectReference: {fileID: 0}
    - target: {fileID: 440468, guid: ded43eaee385aa94eafade73f78babdb, type: 3}
      propertyPath: m_LocalScale.z
      value: 0.31611
      objectReference: {fileID: 0}
    - target: {fileID: 440468, guid: ded43eaee385aa94eafade73f78babdb, type: 3}
      propertyPath: m_LocalPosition.x
      value: 0
      objectReference: {fileID: 0}
    - target: {fileID: 440468, guid: ded43eaee385aa94eafade73f78babdb, type: 3}
      propertyPath: m_LocalPosition.y
      value: 0
      objectReference: {fileID: 0}
    - target: {fileID: 440468, guid: ded43eaee385aa94eafade73f78babdb, type: 3}
      propertyPath: m_LocalPosition.z
      value: 0
      objectReference: {fileID: 0}
    - target: {fileID: 440468, guid: ded43eaee385aa94eafade73f78babdb, type: 3}
      propertyPath: m_LocalRotation.w
      value: 0.7071068
      objectReference: {fileID: 0}
    - target: {fileID: 440468, guid: ded43eaee385aa94eafade73f78babdb, type: 3}
      propertyPath: m_LocalRotation.x
      value: -0.7071068
      objectReference: {fileID: 0}
    - target: {fileID: 440468, guid: ded43eaee385aa94eafade73f78babdb, type: 3}
      propertyPath: m_LocalRotation.y
      value: 0
      objectReference: {fileID: 0}
    - target: {fileID: 440468, guid: ded43eaee385aa94eafade73f78babdb, type: 3}
      propertyPath: m_LocalRotation.z
      value: 0
      objectReference: {fileID: 0}
    - target: {fileID: 440468, guid: ded43eaee385aa94eafade73f78babdb, type: 3}
      propertyPath: m_LocalEulerAnglesHint.x
      value: -90
      objectReference: {fileID: 0}
    - target: {fileID: 440468, guid: ded43eaee385aa94eafade73f78babdb, type: 3}
      propertyPath: m_LocalEulerAnglesHint.y
      value: 0
      objectReference: {fileID: 0}
    - target: {fileID: 440468, guid: ded43eaee385aa94eafade73f78babdb, type: 3}
      propertyPath: m_LocalEulerAnglesHint.z
      value: 0
      objectReference: {fileID: 0}
    - target: {fileID: 19913970, guid: ded43eaee385aa94eafade73f78babdb, type: 3}
      propertyPath: m_Materials.Array.size
      value: 1
      objectReference: {fileID: 0}
    - target: {fileID: 19914012, guid: ded43eaee385aa94eafade73f78babdb, type: 3}
      propertyPath: m_Materials.Array.size
      value: 1
      objectReference: {fileID: 0}
    - target: {fileID: 19915308, guid: ded43eaee385aa94eafade73f78babdb, type: 3}
      propertyPath: m_Materials.Array.size
      value: 1
      objectReference: {fileID: 0}
    - target: {fileID: 19940334, guid: ded43eaee385aa94eafade73f78babdb, type: 3}
      propertyPath: m_Materials.Array.size
      value: 1
      objectReference: {fileID: 0}
    - target: {fileID: 19943106, guid: ded43eaee385aa94eafade73f78babdb, type: 3}
      propertyPath: m_Materials.Array.size
      value: 1
      objectReference: {fileID: 0}
    - target: {fileID: 19994410, guid: ded43eaee385aa94eafade73f78babdb, type: 3}
      propertyPath: m_Materials.Array.size
      value: 1
      objectReference: {fileID: 0}
    m_RemovedComponents: []
  m_SourcePrefab: {fileID: 100100000, guid: ded43eaee385aa94eafade73f78babdb, type: 3}
--- !u!4 &3832934297004349803 stripped
Transform:
  m_CorrespondingSourceObject: {fileID: 440468, guid: ded43eaee385aa94eafade73f78babdb, type: 3}
  m_PrefabInstance: {fileID: 3832934297004515839}
  m_PrefabAsset: {fileID: 0}
--- !u!1001 &4153307906167976187
PrefabInstance:
  m_ObjectHideFlags: 0
  serializedVersion: 2
  m_Modification:
    m_TransformParent: {fileID: 5655115901068679230}
    m_Modifications:
    - target: {fileID: 147226, guid: 4d496338295339f4ab150256f9d9f4b7, type: 3}
      propertyPath: m_Name
      value: MagicChargeBlue
      objectReference: {fileID: 0}
    - target: {fileID: 491034, guid: 4d496338295339f4ab150256f9d9f4b7, type: 3}
      propertyPath: m_RootOrder
      value: 5
      objectReference: {fileID: 0}
    - target: {fileID: 491034, guid: 4d496338295339f4ab150256f9d9f4b7, type: 3}
      propertyPath: m_LocalScale.x
      value: 0.058166396
      objectReference: {fileID: 0}
    - target: {fileID: 491034, guid: 4d496338295339f4ab150256f9d9f4b7, type: 3}
      propertyPath: m_LocalScale.y
      value: 0.058166396
      objectReference: {fileID: 0}
    - target: {fileID: 491034, guid: 4d496338295339f4ab150256f9d9f4b7, type: 3}
      propertyPath: m_LocalScale.z
      value: 0.058166396
      objectReference: {fileID: 0}
    - target: {fileID: 491034, guid: 4d496338295339f4ab150256f9d9f4b7, type: 3}
      propertyPath: m_LocalPosition.x
      value: 0
      objectReference: {fileID: 0}
    - target: {fileID: 491034, guid: 4d496338295339f4ab150256f9d9f4b7, type: 3}
      propertyPath: m_LocalPosition.y
      value: 0
      objectReference: {fileID: 0}
    - target: {fileID: 491034, guid: 4d496338295339f4ab150256f9d9f4b7, type: 3}
      propertyPath: m_LocalPosition.z
      value: 0
      objectReference: {fileID: 0}
    - target: {fileID: 491034, guid: 4d496338295339f4ab150256f9d9f4b7, type: 3}
      propertyPath: m_LocalRotation.w
      value: 0.7071068
      objectReference: {fileID: 0}
    - target: {fileID: 491034, guid: 4d496338295339f4ab150256f9d9f4b7, type: 3}
      propertyPath: m_LocalRotation.x
      value: -0.7071068
      objectReference: {fileID: 0}
    - target: {fileID: 491034, guid: 4d496338295339f4ab150256f9d9f4b7, type: 3}
      propertyPath: m_LocalRotation.y
      value: 0
      objectReference: {fileID: 0}
    - target: {fileID: 491034, guid: 4d496338295339f4ab150256f9d9f4b7, type: 3}
      propertyPath: m_LocalRotation.z
      value: 0
      objectReference: {fileID: 0}
    - target: {fileID: 491034, guid: 4d496338295339f4ab150256f9d9f4b7, type: 3}
      propertyPath: m_LocalEulerAnglesHint.x
      value: -90
      objectReference: {fileID: 0}
    - target: {fileID: 491034, guid: 4d496338295339f4ab150256f9d9f4b7, type: 3}
      propertyPath: m_LocalEulerAnglesHint.y
      value: 0
      objectReference: {fileID: 0}
    - target: {fileID: 491034, guid: 4d496338295339f4ab150256f9d9f4b7, type: 3}
      propertyPath: m_LocalEulerAnglesHint.z
      value: 0
      objectReference: {fileID: 0}
    - target: {fileID: 19858858, guid: 4d496338295339f4ab150256f9d9f4b7, type: 3}
      propertyPath: prewarm
      value: 1
      objectReference: {fileID: 0}
    - target: {fileID: 19858858, guid: 4d496338295339f4ab150256f9d9f4b7, type: 3}
      propertyPath: startDelay.maxCurve.m_Curve.Array.data[0].value
      value: 0
      objectReference: {fileID: 0}
    - target: {fileID: 19858858, guid: 4d496338295339f4ab150256f9d9f4b7, type: 3}
      propertyPath: startDelay.maxCurve.m_Curve.Array.data[1].value
      value: 0
      objectReference: {fileID: 0}
    - target: {fileID: 19912992, guid: 4d496338295339f4ab150256f9d9f4b7, type: 3}
      propertyPath: m_Materials.Array.size
      value: 1
      objectReference: {fileID: 0}
    - target: {fileID: 19940780, guid: 4d496338295339f4ab150256f9d9f4b7, type: 3}
      propertyPath: m_Materials.Array.size
      value: 1
      objectReference: {fileID: 0}
    - target: {fileID: 199216902498239064, guid: 4d496338295339f4ab150256f9d9f4b7, type: 3}
      propertyPath: m_Materials.Array.size
      value: 1
      objectReference: {fileID: 0}
    m_RemovedComponents: []
  m_SourcePrefab: {fileID: 100100000, guid: 4d496338295339f4ab150256f9d9f4b7, type: 3}
--- !u!4 &4153307906167656161 stripped
Transform:
  m_CorrespondingSourceObject: {fileID: 491034, guid: 4d496338295339f4ab150256f9d9f4b7, type: 3}
  m_PrefabInstance: {fileID: 4153307906167976187}
  m_PrefabAsset: {fileID: 0}
--- !u!1001 &8109989322504412213
PrefabInstance:
  m_ObjectHideFlags: 0
  serializedVersion: 2
  m_Modification:
    m_TransformParent: {fileID: 5655115901068679230}
    m_Modifications:
    - target: {fileID: 112034, guid: 8d10f8b48acb63e4989ba5fc3a95100e, type: 3}
      propertyPath: m_Name
      value: MagicExplosionFire
      objectReference: {fileID: 0}
    - target: {fileID: 112034, guid: 8d10f8b48acb63e4989ba5fc3a95100e, type: 3}
      propertyPath: m_IsActive
      value: 0
      objectReference: {fileID: 0}
    - target: {fileID: 439734, guid: 8d10f8b48acb63e4989ba5fc3a95100e, type: 3}
      propertyPath: m_RootOrder
      value: 0
      objectReference: {fileID: 0}
    - target: {fileID: 439734, guid: 8d10f8b48acb63e4989ba5fc3a95100e, type: 3}
      propertyPath: m_LocalScale.x
      value: 0.45812
      objectReference: {fileID: 0}
    - target: {fileID: 439734, guid: 8d10f8b48acb63e4989ba5fc3a95100e, type: 3}
      propertyPath: m_LocalScale.y
      value: 0.45812
      objectReference: {fileID: 0}
    - target: {fileID: 439734, guid: 8d10f8b48acb63e4989ba5fc3a95100e, type: 3}
      propertyPath: m_LocalScale.z
      value: 0.45812
      objectReference: {fileID: 0}
    - target: {fileID: 439734, guid: 8d10f8b48acb63e4989ba5fc3a95100e, type: 3}
      propertyPath: m_LocalPosition.x
      value: 0
      objectReference: {fileID: 0}
    - target: {fileID: 439734, guid: 8d10f8b48acb63e4989ba5fc3a95100e, type: 3}
      propertyPath: m_LocalPosition.y
      value: 0
      objectReference: {fileID: 0}
    - target: {fileID: 439734, guid: 8d10f8b48acb63e4989ba5fc3a95100e, type: 3}
      propertyPath: m_LocalPosition.z
      value: 0
      objectReference: {fileID: 0}
    - target: {fileID: 439734, guid: 8d10f8b48acb63e4989ba5fc3a95100e, type: 3}
      propertyPath: m_LocalRotation.w
      value: 0.7071068
      objectReference: {fileID: 0}
    - target: {fileID: 439734, guid: 8d10f8b48acb63e4989ba5fc3a95100e, type: 3}
      propertyPath: m_LocalRotation.x
      value: -0.7071068
      objectReference: {fileID: 0}
    - target: {fileID: 439734, guid: 8d10f8b48acb63e4989ba5fc3a95100e, type: 3}
      propertyPath: m_LocalRotation.y
      value: 0
      objectReference: {fileID: 0}
    - target: {fileID: 439734, guid: 8d10f8b48acb63e4989ba5fc3a95100e, type: 3}
      propertyPath: m_LocalRotation.z
      value: 0
      objectReference: {fileID: 0}
    - target: {fileID: 439734, guid: 8d10f8b48acb63e4989ba5fc3a95100e, type: 3}
      propertyPath: m_LocalEulerAnglesHint.x
      value: -90
      objectReference: {fileID: 0}
    - target: {fileID: 439734, guid: 8d10f8b48acb63e4989ba5fc3a95100e, type: 3}
      propertyPath: m_LocalEulerAnglesHint.y
      value: 0
      objectReference: {fileID: 0}
    - target: {fileID: 439734, guid: 8d10f8b48acb63e4989ba5fc3a95100e, type: 3}
      propertyPath: m_LocalEulerAnglesHint.z
      value: 0
      objectReference: {fileID: 0}
    - target: {fileID: 19909822, guid: 8d10f8b48acb63e4989ba5fc3a95100e, type: 3}
      propertyPath: m_Materials.Array.size
      value: 1
      objectReference: {fileID: 0}
    - target: {fileID: 19913228, guid: 8d10f8b48acb63e4989ba5fc3a95100e, type: 3}
      propertyPath: m_Materials.Array.size
      value: 1
      objectReference: {fileID: 0}
    - target: {fileID: 19939816, guid: 8d10f8b48acb63e4989ba5fc3a95100e, type: 3}
      propertyPath: m_Materials.Array.size
      value: 1
      objectReference: {fileID: 0}
    - target: {fileID: 19945094, guid: 8d10f8b48acb63e4989ba5fc3a95100e, type: 3}
      propertyPath: m_Materials.Array.size
      value: 1
      objectReference: {fileID: 0}
    - target: {fileID: 19958126, guid: 8d10f8b48acb63e4989ba5fc3a95100e, type: 3}
      propertyPath: m_Materials.Array.size
      value: 1
      objectReference: {fileID: 0}
    - target: {fileID: 19984006, guid: 8d10f8b48acb63e4989ba5fc3a95100e, type: 3}
      propertyPath: m_Materials.Array.size
      value: 1
      objectReference: {fileID: 0}
    m_RemovedComponents: []
  m_SourcePrefab: {fileID: 100100000, guid: 8d10f8b48acb63e4989ba5fc3a95100e, type: 3}
--- !u!4 &8109989322504055171 stripped
Transform:
  m_CorrespondingSourceObject: {fileID: 439734, guid: 8d10f8b48acb63e4989ba5fc3a95100e, type: 3}
  m_PrefabInstance: {fileID: 8109989322504412213}
  m_PrefabAsset: {fileID: 0}
--- !u!1001 &9081985559018929975
PrefabInstance:
  m_ObjectHideFlags: 0
  serializedVersion: 2
  m_Modification:
    m_TransformParent: {fileID: 5655115901068679230}
    m_Modifications:
    - target: {fileID: 171482, guid: 5bc71fb5e90182941b584e88079e3ec5, type: 3}
      propertyPath: m_Name
      value: MagicSphereYellow
      objectReference: {fileID: 0}
    - target: {fileID: 171482, guid: 5bc71fb5e90182941b584e88079e3ec5, type: 3}
      propertyPath: m_IsActive
      value: 0
      objectReference: {fileID: 0}
    - target: {fileID: 493452, guid: 5bc71fb5e90182941b584e88079e3ec5, type: 3}
      propertyPath: m_RootOrder
      value: 3
      objectReference: {fileID: 0}
    - target: {fileID: 493452, guid: 5bc71fb5e90182941b584e88079e3ec5, type: 3}
      propertyPath: m_LocalScale.x
      value: 0.31521
      objectReference: {fileID: 0}
    - target: {fileID: 493452, guid: 5bc71fb5e90182941b584e88079e3ec5, type: 3}
      propertyPath: m_LocalScale.y
      value: 0.31521
      objectReference: {fileID: 0}
    - target: {fileID: 493452, guid: 5bc71fb5e90182941b584e88079e3ec5, type: 3}
      propertyPath: m_LocalScale.z
      value: 0.31521
      objectReference: {fileID: 0}
    - target: {fileID: 493452, guid: 5bc71fb5e90182941b584e88079e3ec5, type: 3}
      propertyPath: m_LocalPosition.x
      value: 0
      objectReference: {fileID: 0}
    - target: {fileID: 493452, guid: 5bc71fb5e90182941b584e88079e3ec5, type: 3}
      propertyPath: m_LocalPosition.y
      value: 0
      objectReference: {fileID: 0}
    - target: {fileID: 493452, guid: 5bc71fb5e90182941b584e88079e3ec5, type: 3}
      propertyPath: m_LocalPosition.z
      value: 0
      objectReference: {fileID: 0}
    - target: {fileID: 493452, guid: 5bc71fb5e90182941b584e88079e3ec5, type: 3}
      propertyPath: m_LocalRotation.w
      value: 0.7071068
      objectReference: {fileID: 0}
    - target: {fileID: 493452, guid: 5bc71fb5e90182941b584e88079e3ec5, type: 3}
      propertyPath: m_LocalRotation.x
      value: -0.7071068
      objectReference: {fileID: 0}
    - target: {fileID: 493452, guid: 5bc71fb5e90182941b584e88079e3ec5, type: 3}
      propertyPath: m_LocalRotation.y
      value: 0
      objectReference: {fileID: 0}
    - target: {fileID: 493452, guid: 5bc71fb5e90182941b584e88079e3ec5, type: 3}
      propertyPath: m_LocalRotation.z
      value: 0
      objectReference: {fileID: 0}
    - target: {fileID: 493452, guid: 5bc71fb5e90182941b584e88079e3ec5, type: 3}
      propertyPath: m_LocalEulerAnglesHint.x
      value: -90
      objectReference: {fileID: 0}
    - target: {fileID: 493452, guid: 5bc71fb5e90182941b584e88079e3ec5, type: 3}
      propertyPath: m_LocalEulerAnglesHint.y
      value: 0
      objectReference: {fileID: 0}
    - target: {fileID: 493452, guid: 5bc71fb5e90182941b584e88079e3ec5, type: 3}
      propertyPath: m_LocalEulerAnglesHint.z
      value: 0
      objectReference: {fileID: 0}
    - target: {fileID: 19917122, guid: 5bc71fb5e90182941b584e88079e3ec5, type: 3}
      propertyPath: m_Materials.Array.size
      value: 1
      objectReference: {fileID: 0}
    - target: {fileID: 19946334, guid: 5bc71fb5e90182941b584e88079e3ec5, type: 3}
      propertyPath: m_Materials.Array.size
      value: 1
      objectReference: {fileID: 0}
    - target: {fileID: 19975182, guid: 5bc71fb5e90182941b584e88079e3ec5, type: 3}
      propertyPath: m_Materials.Array.size
      value: 1
      objectReference: {fileID: 0}
    m_RemovedComponents: []
  m_SourcePrefab: {fileID: 100100000, guid: 5bc71fb5e90182941b584e88079e3ec5, type: 3}
--- !u!4 &9081985559018830011 stripped
Transform:
  m_CorrespondingSourceObject: {fileID: 493452, guid: 5bc71fb5e90182941b584e88079e3ec5, type: 3}
  m_PrefabInstance: {fileID: 9081985559018929975}
  m_PrefabAsset: {fileID: 0}
--- !u!1001 &9095152276066942833
PrefabInstance:
  m_ObjectHideFlags: 0
  serializedVersion: 2
  m_Modification:
    m_TransformParent: {fileID: 5655115901068679230}
    m_Modifications:
    - target: {fileID: 112812, guid: 347c3709b22d3bb4b800383efe154521, type: 3}
      propertyPath: m_Name
      value: MagicSphereGreen
      objectReference: {fileID: 0}
    - target: {fileID: 112812, guid: 347c3709b22d3bb4b800383efe154521, type: 3}
      propertyPath: m_IsActive
      value: 0
      objectReference: {fileID: 0}
    - target: {fileID: 499104, guid: 347c3709b22d3bb4b800383efe154521, type: 3}
      propertyPath: m_RootOrder
      value: 4
      objectReference: {fileID: 0}
    - target: {fileID: 499104, guid: 347c3709b22d3bb4b800383efe154521, type: 3}
      propertyPath: m_LocalScale.x
      value: 0.26172
      objectReference: {fileID: 0}
    - target: {fileID: 499104, guid: 347c3709b22d3bb4b800383efe154521, type: 3}
      propertyPath: m_LocalScale.y
      value: 0.26172
      objectReference: {fileID: 0}
    - target: {fileID: 499104, guid: 347c3709b22d3bb4b800383efe154521, type: 3}
      propertyPath: m_LocalScale.z
      value: 0.26172
      objectReference: {fileID: 0}
    - target: {fileID: 499104, guid: 347c3709b22d3bb4b800383efe154521, type: 3}
      propertyPath: m_LocalPosition.x
      value: 0
      objectReference: {fileID: 0}
    - target: {fileID: 499104, guid: 347c3709b22d3bb4b800383efe154521, type: 3}
      propertyPath: m_LocalPosition.y
      value: 0
      objectReference: {fileID: 0}
    - target: {fileID: 499104, guid: 347c3709b22d3bb4b800383efe154521, type: 3}
      propertyPath: m_LocalPosition.z
      value: 0
      objectReference: {fileID: 0}
    - target: {fileID: 499104, guid: 347c3709b22d3bb4b800383efe154521, type: 3}
      propertyPath: m_LocalRotation.w
      value: 0.7071068
      objectReference: {fileID: 0}
    - target: {fileID: 499104, guid: 347c3709b22d3bb4b800383efe154521, type: 3}
      propertyPath: m_LocalRotation.x
      value: -0.7071068
      objectReference: {fileID: 0}
    - target: {fileID: 499104, guid: 347c3709b22d3bb4b800383efe154521, type: 3}
      propertyPath: m_LocalRotation.y
      value: 0
      objectReference: {fileID: 0}
    - target: {fileID: 499104, guid: 347c3709b22d3bb4b800383efe154521, type: 3}
      propertyPath: m_LocalRotation.z
      value: 0
      objectReference: {fileID: 0}
    - target: {fileID: 499104, guid: 347c3709b22d3bb4b800383efe154521, type: 3}
      propertyPath: m_LocalEulerAnglesHint.x
      value: -90
      objectReference: {fileID: 0}
    - target: {fileID: 499104, guid: 347c3709b22d3bb4b800383efe154521, type: 3}
      propertyPath: m_LocalEulerAnglesHint.y
      value: 0
      objectReference: {fileID: 0}
    - target: {fileID: 499104, guid: 347c3709b22d3bb4b800383efe154521, type: 3}
      propertyPath: m_LocalEulerAnglesHint.z
      value: 0
      objectReference: {fileID: 0}
    - target: {fileID: 19944892, guid: 347c3709b22d3bb4b800383efe154521, type: 3}
      propertyPath: m_Materials.Array.size
      value: 1
      objectReference: {fileID: 0}
    - target: {fileID: 19955018, guid: 347c3709b22d3bb4b800383efe154521, type: 3}
      propertyPath: m_Materials.Array.size
      value: 1
      objectReference: {fileID: 0}
    - target: {fileID: 19975624, guid: 347c3709b22d3bb4b800383efe154521, type: 3}
      propertyPath: m_Materials.Array.size
      value: 1
      objectReference: {fileID: 0}
    m_RemovedComponents: []
  m_SourcePrefab: {fileID: 100100000, guid: 347c3709b22d3bb4b800383efe154521, type: 3}
--- !u!4 &9095152276066640593 stripped
Transform:
  m_CorrespondingSourceObject: {fileID: 499104, guid: 347c3709b22d3bb4b800383efe154521, type: 3}
  m_PrefabInstance: {fileID: 9095152276066942833}
  m_PrefabAsset: {fileID: 0}
