%YAML 1.1
%TAG !u! tag:unity3d.com,2011:
--- !u!1 &3220124632078601155
GameObject:
  m_ObjectHideFlags: 0
  m_CorrespondingSourceObject: {fileID: 0}
  m_PrefabInstance: {fileID: 0}
  m_PrefabAsset: {fileID: 0}
  serializedVersion: 6
  m_Component:
  - component: {fileID: 2724844485890587843}
  - component: {fileID: 3272323311612287963}
  - component: {fileID: 613572246819747666}
  m_Layer: 8
  m_Name: Enemy1_2
  m_TagString: Untagged
  m_Icon: {fileID: 0}
  m_NavMeshLayer: 0
  m_StaticEditorFlags: 0
  m_IsActive: 1
--- !u!4 &2724844485890587843
Transform:
  m_ObjectHideFlags: 0
  m_CorrespondingSourceObject: {fileID: 0}
  m_PrefabInstance: {fileID: 0}
  m_PrefabAsset: {fileID: 0}
  m_GameObject: {fileID: 3220124632078601155}
  m_LocalRotation: {x: 0, y: 0, z: 0, w: 1}
  m_LocalPosition: {x: -2, y: 0, z: 5}
  m_LocalScale: {x: 1, y: 1, z: 1}
  m_Children:
  - {fileID: 792507611318772856}
  - {fileID: 2862519667227159234}
  - {fileID: 7432670188407599985}
  m_Father: {fileID: 0}
  m_RootOrder: 0
  m_LocalEulerAnglesHint: {x: 0, y: 0, z: 0}
--- !u!136 &3272323311612287963
CapsuleCollider:
  m_ObjectHideFlags: 0
  m_CorrespondingSourceObject: {fileID: 0}
  m_PrefabInstance: {fileID: 0}
  m_PrefabAsset: {fileID: 0}
  m_GameObject: {fileID: 3220124632078601155}
  m_Material: {fileID: 0}
  m_IsTrigger: 0
  m_Enabled: 1
  m_Radius: 0.5
  m_Height: 0.76
  m_Direction: 1
  m_Center: {x: 0, y: 0.9, z: 0}
--- !u!114 &613572246819747666
MonoBehaviour:
  m_ObjectHideFlags: 0
  m_CorrespondingSourceObject: {fileID: 0}
  m_PrefabInstance: {fileID: 0}
  m_PrefabAsset: {fileID: 0}
  m_GameObject: {fileID: 3220124632078601155}
  m_Enabled: 1
  m_EditorHideFlags: 0
  m_Script: {fileID: 11500000, guid: c4f4e2214a2d08b47b38215dd92871c8, type: 3}
  m_Name: 
  m_EditorClassIdentifier: 
  animationController: {fileID: 1332414099731697165}
  unitEnemyUI: {fileID: 6093468562134570594}
  hitCollider: {fileID: 3272323311612287963}
  damageNumbersPrefab: {fileID: 2141552948384211686, guid: 79477615a9618754b8ac6229282c15ac, type: 3}
  coinsContainer: {fileID: 1372802431277000993}
  rewardCoins: 55
  baseHpValue: 180
  baseAttackValue: 35
  attackDelay: 3.1
--- !u!1001 &792507611318897744
PrefabInstance:
  m_ObjectHideFlags: 0
  serializedVersion: 2
  m_Modification:
    m_TransformParent: {fileID: 2724844485890587843}
    m_Modifications:
    - target: {fileID: 100436, guid: 9f4313a771e05c64d8da7ae6bd19a19f, type: 3}
      propertyPath: m_Layer
      value: 8
      objectReference: {fileID: 0}
    - target: {fileID: 101892, guid: 9f4313a771e05c64d8da7ae6bd19a19f, type: 3}
      propertyPath: m_Layer
      value: 8
      objectReference: {fileID: 0}
    - target: {fileID: 101976, guid: 9f4313a771e05c64d8da7ae6bd19a19f, type: 3}
      propertyPath: m_Layer
      value: 8
      objectReference: {fileID: 0}
    - target: {fileID: 102074, guid: 9f4313a771e05c64d8da7ae6bd19a19f, type: 3}
      propertyPath: m_Layer
      value: 8
      objectReference: {fileID: 0}
    - target: {fileID: 106952, guid: 9f4313a771e05c64d8da7ae6bd19a19f, type: 3}
      propertyPath: m_Layer
      value: 8
      objectReference: {fileID: 0}
    - target: {fileID: 107698, guid: 9f4313a771e05c64d8da7ae6bd19a19f, type: 3}
      propertyPath: m_Layer
      value: 8
      objectReference: {fileID: 0}
    - target: {fileID: 115758, guid: 9f4313a771e05c64d8da7ae6bd19a19f, type: 3}
      propertyPath: m_Layer
      value: 8
      objectReference: {fileID: 0}
    - target: {fileID: 117622, guid: 9f4313a771e05c64d8da7ae6bd19a19f, type: 3}
      propertyPath: m_Layer
      value: 8
      objectReference: {fileID: 0}
    - target: {fileID: 121774, guid: 9f4313a771e05c64d8da7ae6bd19a19f, type: 3}
      propertyPath: m_Layer
      value: 8
      objectReference: {fileID: 0}
    - target: {fileID: 125626, guid: 9f4313a771e05c64d8da7ae6bd19a19f, type: 3}
      propertyPath: m_Layer
      value: 8
      objectReference: {fileID: 0}
    - target: {fileID: 129180, guid: 9f4313a771e05c64d8da7ae6bd19a19f, type: 3}
      propertyPath: m_Layer
      value: 8
      objectReference: {fileID: 0}
    - target: {fileID: 131634, guid: 9f4313a771e05c64d8da7ae6bd19a19f, type: 3}
      propertyPath: m_Layer
      value: 8
      objectReference: {fileID: 0}
    - target: {fileID: 134230, guid: 9f4313a771e05c64d8da7ae6bd19a19f, type: 3}
      propertyPath: m_Layer
      value: 8
      objectReference: {fileID: 0}
    - target: {fileID: 140304, guid: 9f4313a771e05c64d8da7ae6bd19a19f, type: 3}
      propertyPath: m_Layer
      value: 8
      objectReference: {fileID: 0}
    - target: {fileID: 142816, guid: 9f4313a771e05c64d8da7ae6bd19a19f, type: 3}
      propertyPath: m_Layer
      value: 8
      objectReference: {fileID: 0}
    - target: {fileID: 149832, guid: 9f4313a771e05c64d8da7ae6bd19a19f, type: 3}
      propertyPath: m_Layer
      value: 8
      objectReference: {fileID: 0}
    - target: {fileID: 163902, guid: 9f4313a771e05c64d8da7ae6bd19a19f, type: 3}
      propertyPath: m_Layer
      value: 8
      objectReference: {fileID: 0}
    - target: {fileID: 165424, guid: 9f4313a771e05c64d8da7ae6bd19a19f, type: 3}
      propertyPath: m_Name
      value: UD_demo_character
      objectReference: {fileID: 0}
    - target: {fileID: 165424, guid: 9f4313a771e05c64d8da7ae6bd19a19f, type: 3}
      propertyPath: m_Layer
      value: 8
      objectReference: {fileID: 0}
    - target: {fileID: 165938, guid: 9f4313a771e05c64d8da7ae6bd19a19f, type: 3}
      propertyPath: m_Layer
      value: 8
      objectReference: {fileID: 0}
    - target: {fileID: 169542, guid: 9f4313a771e05c64d8da7ae6bd19a19f, type: 3}
      propertyPath: m_Layer
      value: 8
      objectReference: {fileID: 0}
    - target: {fileID: 170696, guid: 9f4313a771e05c64d8da7ae6bd19a19f, type: 3}
      propertyPath: m_Layer
      value: 8
      objectReference: {fileID: 0}
    - target: {fileID: 172082, guid: 9f4313a771e05c64d8da7ae6bd19a19f, type: 3}
      propertyPath: m_Layer
      value: 8
      objectReference: {fileID: 0}
    - target: {fileID: 177378, guid: 9f4313a771e05c64d8da7ae6bd19a19f, type: 3}
      propertyPath: m_Layer
      value: 8
      objectReference: {fileID: 0}
    - target: {fileID: 186166, guid: 9f4313a771e05c64d8da7ae6bd19a19f, type: 3}
      propertyPath: m_Layer
      value: 8
      objectReference: {fileID: 0}
    - target: {fileID: 189220, guid: 9f4313a771e05c64d8da7ae6bd19a19f, type: 3}
      propertyPath: m_Layer
      value: 8
      objectReference: {fileID: 0}
    - target: {fileID: 190548, guid: 9f4313a771e05c64d8da7ae6bd19a19f, type: 3}
      propertyPath: m_Layer
      value: 8
      objectReference: {fileID: 0}
    - target: {fileID: 196216, guid: 9f4313a771e05c64d8da7ae6bd19a19f, type: 3}
      propertyPath: m_Layer
      value: 8
      objectReference: {fileID: 0}
    - target: {fileID: 403496, guid: 9f4313a771e05c64d8da7ae6bd19a19f, type: 3}
      propertyPath: m_RootOrder
      value: 0
      objectReference: {fileID: 0}
    - target: {fileID: 403496, guid: 9f4313a771e05c64d8da7ae6bd19a19f, type: 3}
      propertyPath: m_LocalScale.x
      value: 0.6762461
      objectReference: {fileID: 0}
    - target: {fileID: 403496, guid: 9f4313a771e05c64d8da7ae6bd19a19f, type: 3}
      propertyPath: m_LocalScale.y
      value: 0.6762461
      objectReference: {fileID: 0}
    - target: {fileID: 403496, guid: 9f4313a771e05c64d8da7ae6bd19a19f, type: 3}
      propertyPath: m_LocalScale.z
      value: 0.6762461
      objectReference: {fileID: 0}
    - target: {fileID: 403496, guid: 9f4313a771e05c64d8da7ae6bd19a19f, type: 3}
      propertyPath: m_LocalPosition.x
      value: 0
      objectReference: {fileID: 0}
    - target: {fileID: 403496, guid: 9f4313a771e05c64d8da7ae6bd19a19f, type: 3}
      propertyPath: m_LocalPosition.y
      value: 0.5
      objectReference: {fileID: 0}
    - target: {fileID: 403496, guid: 9f4313a771e05c64d8da7ae6bd19a19f, type: 3}
      propertyPath: m_LocalPosition.z
      value: 0
      objectReference: {fileID: 0}
    - target: {fileID: 403496, guid: 9f4313a771e05c64d8da7ae6bd19a19f, type: 3}
      propertyPath: m_LocalRotation.w
      value: 0
      objectReference: {fileID: 0}
    - target: {fileID: 403496, guid: 9f4313a771e05c64d8da7ae6bd19a19f, type: 3}
      propertyPath: m_LocalRotation.x
      value: 0
      objectReference: {fileID: 0}
    - target: {fileID: 403496, guid: 9f4313a771e05c64d8da7ae6bd19a19f, type: 3}
      propertyPath: m_LocalRotation.y
      value: 1
      objectReference: {fileID: 0}
    - target: {fileID: 403496, guid: 9f4313a771e05c64d8da7ae6bd19a19f, type: 3}
      propertyPath: m_LocalRotation.z
      value: 0
      objectReference: {fileID: 0}
    - target: {fileID: 403496, guid: 9f4313a771e05c64d8da7ae6bd19a19f, type: 3}
      propertyPath: m_LocalEulerAnglesHint.x
      value: 0
      objectReference: {fileID: 0}
    - target: {fileID: 403496, guid: 9f4313a771e05c64d8da7ae6bd19a19f, type: 3}
      propertyPath: m_LocalEulerAnglesHint.y
      value: 180
      objectReference: {fileID: 0}
    - target: {fileID: 403496, guid: 9f4313a771e05c64d8da7ae6bd19a19f, type: 3}
      propertyPath: m_LocalEulerAnglesHint.z
      value: 0
      objectReference: {fileID: 0}
    - target: {fileID: 9542308, guid: 9f4313a771e05c64d8da7ae6bd19a19f, type: 3}
      propertyPath: m_Controller
      value: 
      objectReference: {fileID: 9100000, guid: a7209d8a0476ccb418efeadfb98c546d, type: 2}
    - target: {fileID: 9542308, guid: 9f4313a771e05c64d8da7ae6bd19a19f, type: 3}
      propertyPath: m_ApplyRootMotion
      value: 1
      objectReference: {fileID: 0}
    - target: {fileID: 13752230, guid: 9f4313a771e05c64d8da7ae6bd19a19f, type: 3}
      propertyPath: m_Materials.Array.data[0]
      value: 
      objectReference: {fileID: 2100000, guid: c367e17f26e837549bfe66eacb3f1702, type: 2}
    m_RemovedComponents: []
  m_SourcePrefab: {fileID: 100100000, guid: 9f4313a771e05c64d8da7ae6bd19a19f, type: 3}
--- !u!1 &792507611318995552 stripped
GameObject:
  m_CorrespondingSourceObject: {fileID: 165424, guid: 9f4313a771e05c64d8da7ae6bd19a19f, type: 3}
  m_PrefabInstance: {fileID: 792507611318897744}
  m_PrefabAsset: {fileID: 0}
--- !u!4 &792507611318772856 stripped
Transform:
  m_CorrespondingSourceObject: {fileID: 403496, guid: 9f4313a771e05c64d8da7ae6bd19a19f, type: 3}
  m_PrefabInstance: {fileID: 792507611318897744}
  m_PrefabAsset: {fileID: 0}
--- !u!114 &1332414099731697165
MonoBehaviour:
  m_ObjectHideFlags: 0
  m_CorrespondingSourceObject: {fileID: 0}
  m_PrefabInstance: {fileID: 0}
  m_PrefabAsset: {fileID: 0}
  m_GameObject: {fileID: 792507611318995552}
  m_Enabled: 1
  m_EditorHideFlags: 0
  m_Script: {fileID: 11500000, guid: dfe3adca5c53bed4ead218f3ee5a28d1, type: 3}
  m_Name: 
  m_EditorClassIdentifier: 
--- !u!1001 &3493577310666403660
PrefabInstance:
  m_ObjectHideFlags: 0
  serializedVersion: 2
  m_Modification:
    m_TransformParent: {fileID: 2724844485890587843}
    m_Modifications:
    - target: {fileID: 3797866244435306619, guid: 21844bd969792a54197eaec85a317015, type: 3}
      propertyPath: m_Name
      value: CoinsContainer
      objectReference: {fileID: 0}
    - target: {fileID: 6295337550605786173, guid: 21844bd969792a54197eaec85a317015, type: 3}
      propertyPath: m_RootOrder
      value: 2
      objectReference: {fileID: 0}
    - target: {fileID: 6295337550605786173, guid: 21844bd969792a54197eaec85a317015, type: 3}
      propertyPath: m_LocalPosition.x
      value: 0
      objectReference: {fileID: 0}
    - target: {fileID: 6295337550605786173, guid: 21844bd969792a54197eaec85a317015, type: 3}
      propertyPath: m_LocalPosition.y
      value: 0.7
      objectReference: {fileID: 0}
    - target: {fileID: 6295337550605786173, guid: 21844bd969792a54197eaec85a317015, type: 3}
      propertyPath: m_LocalPosition.z
      value: 0
      objectReference: {fileID: 0}
    - target: {fileID: 6295337550605786173, guid: 21844bd969792a54197eaec85a317015, type: 3}
      propertyPath: m_LocalRotation.w
      value: 1
      objectReference: {fileID: 0}
    - target: {fileID: 6295337550605786173, guid: 21844bd969792a54197eaec85a317015, type: 3}
      propertyPath: m_LocalRotation.x
      value: -0
      objectReference: {fileID: 0}
    - target: {fileID: 6295337550605786173, guid: 21844bd969792a54197eaec85a317015, type: 3}
      propertyPath: m_LocalRotation.y
      value: -0
      objectReference: {fileID: 0}
    - target: {fileID: 6295337550605786173, guid: 21844bd969792a54197eaec85a317015, type: 3}
      propertyPath: m_LocalRotation.z
      value: -0
      objectReference: {fileID: 0}
    - target: {fileID: 6295337550605786173, guid: 21844bd969792a54197eaec85a317015, type: 3}
      propertyPath: m_LocalEulerAnglesHint.x
      value: 0
      objectReference: {fileID: 0}
    - target: {fileID: 6295337550605786173, guid: 21844bd969792a54197eaec85a317015, type: 3}
      propertyPath: m_LocalEulerAnglesHint.y
      value: 0
      objectReference: {fileID: 0}
    - target: {fileID: 6295337550605786173, guid: 21844bd969792a54197eaec85a317015, type: 3}
      propertyPath: m_LocalEulerAnglesHint.z
      value: 0
      objectReference: {fileID: 0}
    m_RemovedComponents: []
  m_SourcePrefab: {fileID: 100100000, guid: 21844bd969792a54197eaec85a317015, type: 3}
--- !u!4 &7432670188407599985 stripped
Transform:
  m_CorrespondingSourceObject: {fileID: 6295337550605786173, guid: 21844bd969792a54197eaec85a317015, type: 3}
  m_PrefabInstance: {fileID: 3493577310666403660}
  m_PrefabAsset: {fileID: 0}
--- !u!114 &1372802431277000993 stripped
MonoBehaviour:
  m_CorrespondingSourceObject: {fileID: 2555373343279433325, guid: 21844bd969792a54197eaec85a317015, type: 3}
  m_PrefabInstance: {fileID: 3493577310666403660}
  m_PrefabAsset: {fileID: 0}
  m_GameObject: {fileID: 0}
  m_Enabled: 1
  m_EditorHideFlags: 0
  m_Script: {fileID: 11500000, guid: 990a82f2892196740afa9b52417829e5, type: 3}
  m_Name: 
  m_EditorClassIdentifier: 
--- !u!1001 &4436255727069469131
PrefabInstance:
  m_ObjectHideFlags: 0
  serializedVersion: 2
  m_Modification:
    m_TransformParent: {fileID: 2724844485890587843}
    m_Modifications:
    - target: {fileID: 1885048281971585801, guid: 383e8a3b290d88a4f9e8d22131348db1, type: 3}
      propertyPath: m_Pivot.x
      value: 0.5
      objectReference: {fileID: 0}
    - target: {fileID: 1885048281971585801, guid: 383e8a3b290d88a4f9e8d22131348db1, type: 3}
      propertyPath: m_Pivot.y
      value: 0.5
      objectReference: {fileID: 0}
    - target: {fileID: 1885048281971585801, guid: 383e8a3b290d88a4f9e8d22131348db1, type: 3}
      propertyPath: m_RootOrder
      value: 1
      objectReference: {fileID: 0}
    - target: {fileID: 1885048281971585801, guid: 383e8a3b290d88a4f9e8d22131348db1, type: 3}
      propertyPath: m_AnchorMax.x
      value: 0
      objectReference: {fileID: 0}
    - target: {fileID: 1885048281971585801, guid: 383e8a3b290d88a4f9e8d22131348db1, type: 3}
      propertyPath: m_AnchorMax.y
      value: 0
      objectReference: {fileID: 0}
    - target: {fileID: 1885048281971585801, guid: 383e8a3b290d88a4f9e8d22131348db1, type: 3}
      propertyPath: m_AnchorMin.x
      value: 0
      objectReference: {fileID: 0}
    - target: {fileID: 1885048281971585801, guid: 383e8a3b290d88a4f9e8d22131348db1, type: 3}
      propertyPath: m_AnchorMin.y
      value: 0
      objectReference: {fileID: 0}
    - target: {fileID: 1885048281971585801, guid: 383e8a3b290d88a4f9e8d22131348db1, type: 3}
      propertyPath: m_SizeDelta.x
      value: 1
      objectReference: {fileID: 0}
    - target: {fileID: 1885048281971585801, guid: 383e8a3b290d88a4f9e8d22131348db1, type: 3}
      propertyPath: m_SizeDelta.y
      value: 1
      objectReference: {fileID: 0}
    - target: {fileID: 1885048281971585801, guid: 383e8a3b290d88a4f9e8d22131348db1, type: 3}
      propertyPath: m_LocalPosition.x
      value: 0
      objectReference: {fileID: 0}
    - target: {fileID: 1885048281971585801, guid: 383e8a3b290d88a4f9e8d22131348db1, type: 3}
      propertyPath: m_LocalPosition.y
      value: 0
      objectReference: {fileID: 0}
    - target: {fileID: 1885048281971585801, guid: 383e8a3b290d88a4f9e8d22131348db1, type: 3}
      propertyPath: m_LocalPosition.z
      value: -0.274
      objectReference: {fileID: 0}
    - target: {fileID: 1885048281971585801, guid: 383e8a3b290d88a4f9e8d22131348db1, type: 3}
      propertyPath: m_LocalRotation.w
      value: 0.92387956
      objectReference: {fileID: 0}
    - target: {fileID: 1885048281971585801, guid: 383e8a3b290d88a4f9e8d22131348db1, type: 3}
      propertyPath: m_LocalRotation.x
      value: 0.38268343
      objectReference: {fileID: 0}
    - target: {fileID: 1885048281971585801, guid: 383e8a3b290d88a4f9e8d22131348db1, type: 3}
      propertyPath: m_LocalRotation.y
      value: 0
      objectReference: {fileID: 0}
    - target: {fileID: 1885048281971585801, guid: 383e8a3b290d88a4f9e8d22131348db1, type: 3}
      propertyPath: m_LocalRotation.z
      value: 0
      objectReference: {fileID: 0}
    - target: {fileID: 1885048281971585801, guid: 383e8a3b290d88a4f9e8d22131348db1, type: 3}
      propertyPath: m_AnchoredPosition.x
      value: 0
      objectReference: {fileID: 0}
    - target: {fileID: 1885048281971585801, guid: 383e8a3b290d88a4f9e8d22131348db1, type: 3}
      propertyPath: m_AnchoredPosition.y
      value: 1.4
      objectReference: {fileID: 0}
    - target: {fileID: 1885048281971585801, guid: 383e8a3b290d88a4f9e8d22131348db1, type: 3}
      propertyPath: m_LocalEulerAnglesHint.x
      value: 45
      objectReference: {fileID: 0}
    - target: {fileID: 1885048281971585801, guid: 383e8a3b290d88a4f9e8d22131348db1, type: 3}
      propertyPath: m_LocalEulerAnglesHint.y
      value: 0
      objectReference: {fileID: 0}
    - target: {fileID: 1885048281971585801, guid: 383e8a3b290d88a4f9e8d22131348db1, type: 3}
      propertyPath: m_LocalEulerAnglesHint.z
      value: 0
      objectReference: {fileID: 0}
    - target: {fileID: 3234068237276383143, guid: 383e8a3b290d88a4f9e8d22131348db1, type: 3}
      propertyPath: m_Name
      value: UnitEnemyUI
      objectReference: {fileID: 0}
    - target: {fileID: 3234068237276383143, guid: 383e8a3b290d88a4f9e8d22131348db1, type: 3}
      propertyPath: m_Layer
      value: 8
      objectReference: {fileID: 0}
    - target: {fileID: 4257834362897938754, guid: 383e8a3b290d88a4f9e8d22131348db1, type: 3}
      propertyPath: mergeStartObjs.Array.data[0]
      value: 
      objectReference: {fileID: 0}
    - target: {fileID: 4257834362897938754, guid: 383e8a3b290d88a4f9e8d22131348db1, type: 3}
      propertyPath: mergeStartObjs.Array.data[1]
      value: 
      objectReference: {fileID: 0}
    - target: {fileID: 4257834362897938754, guid: 383e8a3b290d88a4f9e8d22131348db1, type: 3}
      propertyPath: mergeStartObjs.Array.data[2]
      value: 
      objectReference: {fileID: 0}
    - target: {fileID: 4257834362897938754, guid: 383e8a3b290d88a4f9e8d22131348db1, type: 3}
      propertyPath: mergeStartObjs.Array.data[3]
      value: 
      objectReference: {fileID: 0}
    - target: {fileID: 4257834362897938754, guid: 383e8a3b290d88a4f9e8d22131348db1, type: 3}
      propertyPath: mergeStartObjs.Array.data[4]
      value: 
      objectReference: {fileID: 0}
    - target: {fileID: 4257834362897938754, guid: 383e8a3b290d88a4f9e8d22131348db1, type: 3}
      propertyPath: mergeStartObjs.Array.data[5]
      value: 
      objectReference: {fileID: 0}
    - target: {fileID: 4257834362897938754, guid: 383e8a3b290d88a4f9e8d22131348db1, type: 3}
      propertyPath: mergeStartObjs.Array.data[6]
      value: 
      objectReference: {fileID: 0}
    - target: {fileID: 4257834362897938754, guid: 383e8a3b290d88a4f9e8d22131348db1, type: 3}
      propertyPath: mergeStartObjs.Array.data[7]
      value: 
      objectReference: {fileID: 0}
    - target: {fileID: 4257834362897938754, guid: 383e8a3b290d88a4f9e8d22131348db1, type: 3}
      propertyPath: mergeStartObjs.Array.data[8]
      value: 
      objectReference: {fileID: 0}
    - target: {fileID: 4257834362897938754, guid: 383e8a3b290d88a4f9e8d22131348db1, type: 3}
      propertyPath: mergeStartObjs.Array.data[9]
      value: 
      objectReference: {fileID: 0}
    - target: {fileID: 4257834362897938754, guid: 383e8a3b290d88a4f9e8d22131348db1, type: 3}
      propertyPath: mergeStartObjs.Array.data[10]
      value: 
      objectReference: {fileID: 0}
    - target: {fileID: 4257834362897938754, guid: 383e8a3b290d88a4f9e8d22131348db1, type: 3}
      propertyPath: mergeStartObjs.Array.data[11]
      value: 
      objectReference: {fileID: 0}
    - target: {fileID: 4257834362897938754, guid: 383e8a3b290d88a4f9e8d22131348db1, type: 3}
      propertyPath: mergeStartObjs.Array.data[12]
      value: 
      objectReference: {fileID: 0}
    - target: {fileID: 4257834362897938754, guid: 383e8a3b290d88a4f9e8d22131348db1, type: 3}
      propertyPath: mergeStartObjs.Array.data[13]
      value: 
      objectReference: {fileID: 0}
    - target: {fileID: 4257834362897938754, guid: 383e8a3b290d88a4f9e8d22131348db1, type: 3}
      propertyPath: mergeStartObjs.Array.data[14]
      value: 
      objectReference: {fileID: 0}
    - target: {fileID: 4257834362897938754, guid: 383e8a3b290d88a4f9e8d22131348db1, type: 3}
      propertyPath: mergeStartObjs.Array.data[15]
      value: 
      objectReference: {fileID: 0}
    - target: {fileID: 4486599586632144577, guid: 383e8a3b290d88a4f9e8d22131348db1, type: 3}
      propertyPath: m_Layer
      value: 8
      objectReference: {fileID: 0}
    - target: {fileID: 5412096332492144684, guid: 383e8a3b290d88a4f9e8d22131348db1, type: 3}
      propertyPath: m_Layer
      value: 8
      objectReference: {fileID: 0}
    - target: {fileID: 5656301080454741500, guid: 383e8a3b290d88a4f9e8d22131348db1, type: 3}
      propertyPath: m_Layer
      value: 8
      objectReference: {fileID: 0}
    - target: {fileID: 7311290651731008877, guid: 383e8a3b290d88a4f9e8d22131348db1, type: 3}
      propertyPath: m_PresetInfoIsWorld
      value: 1
      objectReference: {fileID: 0}
    m_RemovedComponents: []
  m_SourcePrefab: {fileID: 100100000, guid: 383e8a3b290d88a4f9e8d22131348db1, type: 3}
--- !u!224 &2862519667227159234 stripped
RectTransform:
  m_CorrespondingSourceObject: {fileID: 1885048281971585801, guid: 383e8a3b290d88a4f9e8d22131348db1, type: 3}
  m_PrefabInstance: {fileID: 4436255727069469131}
  m_PrefabAsset: {fileID: 0}
--- !u!114 &6093468562134570594 stripped
MonoBehaviour:
  m_CorrespondingSourceObject: {fileID: 7566300584598179753, guid: 383e8a3b290d88a4f9e8d22131348db1, type: 3}
  m_PrefabInstance: {fileID: 4436255727069469131}
  m_PrefabAsset: {fileID: 0}
  m_GameObject: {fileID: 0}
  m_Enabled: 1
  m_EditorHideFlags: 0
  m_Script: {fileID: 11500000, guid: d4c80cde3c62ab548a5275c7aed6cfc3, type: 3}
  m_Name: 
  m_EditorClassIdentifier: 
